3559 5175
1873 342 1958 407 36

698 517 862 599 gulis
919 518 1311 602 ciuitatibuS,
1371 540 1530 603 quae
1584 520 1649 584 in
1701 520 1996 605 ,qualibet
2032 521 2355 606 republica
2412 521 2682 588 discreta
2739 523 2835 588 his
2884 523 3137 588 statutis

697 654 933 701 morem
983 656 1199 718 gerere
1247 636 1497 719 debent,
1546 637 1634 702 ita
1683 643 1752 702 ut
1800 638 1876 702 ad
1926 638 2323 722 exsequenda
2364 640 2577 706 statim
2618 639 2971 723 obligentur
3003 660 3136 705 ma-

702 752 1132 835 gistratusque
1167 773 1310 818 suos
1357 752 1719 839 praebeant,
1768 755 2215 819 communicari
2248 762 2530 840 possunt.
2583 756 2754 833 Quae
2786 757 3141 823 communia

697 874 931 933 statuta
979 888 1115 947 cum
1169 869 1336 954 apud
1369 868 1690 935 Suitenses
1724 870 1938 936 eodem
1988 871 2119 935 fere
2166 871 2350 936 modo
2400 872 2477 937 ad
2526 873 2803 955 singulas
2850 874 3137 939 ciuitates

598 1056 601 1061 ,
697 984 894 1067 relata
949 1006 986 1048 a
1043 985 1429 1067 singularum
1489 986 1961 1067 magistratibus
2020 985 2513 1072 perficiantur⁴⁶,
2572 989 2637 1054 in
2684 990 3007 1072 America,
3070 993 3140 1053 ut

699 1099 990 1177 efficiant,
1040 1102 1186 1185 quia
1233 1122 1270 1166 a
1318 1101 1706 1183 singularum
1752 1103 2085 1168 ciuitatum·
2128 1105 2306 1169 iuxta
2337 1123 2699 1171 communes
2731 1106 3139 1187 magistratus

698 1218 922 1302 positis
970 1218 1437 1301 magistratibus
1486 1218 1801 1284 interdum
1836 1219 2336 1301 uel'ignorantur
2367 1222 2467 1286 uel
2501 1221 2926 1304 negliguntur,
2974 1220 3137 1286 haud

702 1354 840 1398 raro
899 1354 935 1399 a
995 1334 1460 1415 magistratibus
1522 1335 1598 1399 ad
1660 1335 1774 1400 hoc
1843 1336 2181 1401 nominatis
2250 1338 2314 1402 in
2386 1338 2671 1419 uigorem
2742 1337 3143 1423 perducenda

701 1455 897 1514 erant.
993 1450 1091 1515 Ad
1139 1451 1348 1515 uarios
1397 1449 1740 1535 conflictuS,
1791 1453 1897 1535 qui
1930 1457 2171 1517 tantum
2222 1453 2418 1537 abest,
2465 1460 2537 1519 ut
2581 1455 2697 1520 hac
2740 1454 3030 1520 localium
3082 1458 3144 1518 et

687 1566 1069 1631 -centralium
1122 1568 1598 1649 magistratuum
1649 1575 1711 1634 et
1756 1567 2104 1635 officiorum
2152 1572 2363 1654 (quam
2412 1577 2689 1636 ceterum
2738 1571 2815 1635 ad
2850 1571 3142 1635 maiesta-

702 1690 826 1748 tem
879 1683 1263 1766 singularum
1315 1684 1639 1750 ciuitatum
1690 1686 2033 1770 pleniorem
2069 1687 2460 1752 retinendam
2508 1687 2599 1752 nil
2644 1688 2911 1753 attinere
2955 1687 3143 1763 intel-

701 1800 992 1883 ligemus)
1043 1800 1552 1886 iuxtapositione,
1603 1798 1844 1884 [itidem
1896 1808 1965 1867 ut
2009 1804 2418 1869 iudicantium
2469 1809 2531 1869 et
2562 1804 3141 1869 administrantium

703 1917 1180 1998 magistratuum
1230 1928 1290 1981 et
1337 1916 1678 1983 officiorum
1723 1910 2247 2005 ‘iuxtapositione]
2296 1920 2744 2006 prohibeantur
2792 1926 2861 1986 ut
2893 1922 3143 2006 saepius

701 2028 1178 2118 prouocentur⁴⁷
1235 2034 1562 2099 euitandos
1621 2036 1855 2121 optime
1915 2037 2262 2102 communis
2313 2038 2640 2122 potestatis
2690 2038 2754 2102 in
2801 2036 3144 2103 Germania

704 2144 1012 2215 secundus
1059 2151 1233 2234 ordo,
1282 2152 1665 2235 quialidem,
1715 2153 1878 2236 quod
1928 2160 1991 2217 et
2034 2153 2100 2217 in
2146 2152 2437 2218 Helvetia
2484 2158 2547 2219 et
2590 2155 2654 2218 in
2704 2155 2999 2220 America
3046 2175 3146 2219 se-

703 2266 887 2331 cundi
959 2267 1208 2333 ordines
1277 2268 1667 2353 propositum
1707 2268 2000 2362 ¹habent,
2081 2268 2146 2332 id
2212 2276 2307 2334 est
2338 2269 2753 2351 singularum
2818 2271 3143 2336 ciuitatum

705 2384 1141 2449 auctoritatem
1211 2384 1805 2469 repraesentandam
1881 2385 2332 2470 perfectissime
2374 2386 2747 2469 'assequitur
2804 2386 3145 2473 plurimum

702 2498 890 2564 ualet.
1523 2496 1530 2501 ⁷

884 2617 1060 2700 §34
1133 2615 1504 2682 Omnimodo
1553 2617 1716 2701 quod
1765 2618 2029 2684 interest
2075 2619 2241 2704 apud
2288 2625 2415 2684 tres
2462 2620 2729 2705 populos
2776 2621 2943 2686 inter
2989 2621 3147 2687 hanc

707 2735 1053 2801 communis
1087 2734 1478 2799 auctoritatis
1511 2741 1754 2819 partem
1791 2735 2315 2818 constituendam,
2364 2736 2442 2801 ad
2473 2737 2913 2821 quantitatem,
2960 2738 3145 2803 modo

707 2873 830 2917 non
892 2852 970 2915 ad
1028 2851 1392 2934 qualitatem
1451 2846 1753 2917 attinet⁴⁸.
1847 2849 2267 2936 Libenterque
2336 2853 2623 2937 superius
2686 2851 3142 2920 Germanorum

708 2968 1074 3051 concilium,
1135 2969 1279 3052 quia
1339 2988 1585 3053 semper
1641 2968 1703 3032 in
1765 2969 2004 3034 occulto
2064 2963 2416 3036 deliberans
2466 2969 2663 3034 multa
2709 2970 2786 3035 ad
2833 2991 2935 3036 res
2980 2991 3151 3036 com-

710 3105 928 3150 munes
977 3085 1132 3150 bene
1179 3084 1483 3166 gerendas
1531 3085 1908 3166 grauissima
1954 3087 2087 3150 sine
2135 3106 2323 3151 causa
2370 3087 2502 3152 sine
2550 3086 2820 3152 utilitate
2869 3088 3152 3154 inferiori

709 3202 1027 3266 communi
1076 3200 1337 3267 concilio
1389 3206 1452 3266 et
1499 3201 1881 3282 singularum
1943 3203 2267 3267 ciuitatum
2328 3203 2607 3268 conciliis
2656 3204 2973 3288 subducit,
3032 3206 3153 3271 im·
3270 3227 3287 3239 ·

711 3318 1056 3404 perfectum
1106 3337 1243 3382 esse
1290 3317 1720 3382 concedemus,
1814 3317 1970 3383 Esse
2033 3319 2274 3404 possint
2320 3325 2383 3383 et
2430 3318 2590 3384 olam
2638 3325 2701 3384 et
2744 3319 2953 3404 palam
3002 3340 3151 3386 con-

711 3435 840 3500 cilii
888 3435 1180 3517 foederiS,
1240 3440 1425 3518 prout
1470 3454 1569 3498 res
1618 3434 1786 3517 forit,
1836 3435 2091 3500 sedendi
2141 3441 2202 3500 et
2248 3435 2636 3521 disceptandi
2685 3436 2837 3501 dies.
2934 3435 3153 3503 Occul-

715 3557 816 3615 tus
863 3549 1248 3616 deliberandi
1295 3549 1518 3614 modus
1573 3570 1651 3615 ne
1712 3550 1971 3615 dissidia
2018 3572 2175 3634 quae
2223 3573 2298 3617 ex
2347 3552 2525 3644 initio
2574 3550 2956 3617 timebantur
3002 3555 3156 3619 emi-

716 3671 942 3733 nerent
987 3686 1102 3751 per
1149 3665 1586 3732 cancellarium
1637 3668 2177 3733 recommendatus
2226 3667 2571 3735 uidebatur.

892 3781 1069 3864 §35
1139 3780 1391 3846 Primus
1439 3782 1704 3866 denique
1753 3785 2101 3849 communis
2151 3785 2479 3869 potestatis
2528 3784 2677 3850 ordo
2728 3804 2971 3849 summa
3014 3804 3153 3849 cum

718 3899 1117 3982 diuersitate,
1165 3903 1463 3983 quantum
1510 3899 1587 3963 ad
1635 3884 1896 3964 formam
1948 3905 2212 3986 spectat,
2258 3920 2485 3982 magna
2532 3920 2671 3966 cum
2722 3900 3155 3983 similitudine,

718 4020 1017 4098 quantum
1078 4014 1155 4078 ad
1202 4015 1499 4096 fungendi
1547 4016 1908 4098 materiam,
1967 4016 2133 4101 apud
2191 4021 2319 4081 tres
2378 4016 2644 4102 populos
2703 4017 3029 4082 institutus
3090 4017 3156 4080 in

719 4128 1386 4196 AmericaPresident
1442 4131 1511 4196 of
1560 4131 1664 4196 the
1710 4131 1941 4198 Vnited
1990 4131 2234 4215 StateS,
2292 4132 2358 4197 in
2403 4131 2693 4198 Heluetia
2739 4131 3157 4215 Bundesrath,

718 4247 781 4311 in
831 4244 1168 4313 Germania
1213 4247 1563 4314 Deutscher
1609 4247 1831 4313 Kaiser
1880 4248 2249 4333 appellatur.
2306 4247 2373 4312 In
2422 4249 2715 4314 America
2759 4248 2975 4314 consul
3024 4249 3157 4314 sine

719 4362 956 4445 collega
1001 4363 1067 4428 in
1115 4370 1382 4448 quatuor
1429 4383 1732 4428 annorum
1786 4364 2056 4449 spatium
2106 4385 2143 4428 a
2174 4365 2367 4430 totius
2416 4365 2717 4430 territorii
2767 4367 2983 4431 stricta
3030 4366 3157 4430 sin·
3206 4367 3213 4385 ¹

720 4480 1010 4562 gularum
1075 4481 1399 4546 ciuitatum
1475 4481 1717 4545 ratione
1784 4481 1997 4546 habita
2065 4481 2386 4566 dispositis
2444 4481 2687 4547 ciuibus
2744 4482 3024 4564 eligitur3
3094 4483 3160 4547 in

720 4596 1013 4662 Heluetia
1062 4617 1175 4682 per
1221 4602 1460 4662 ceteros
1508 4597 1855 4662 communis
1904 4599 2233 4682 potestatis
2266 4599 2517 4665 ordines
2548 4599 2913 4683 septemuiri
2951 4617 3158 4663 rerum

3306 600 3331 651 Ι
