3559 5175
1599 369 1682 433 29

417 540 662 621 uigens.
756 540 932 619 Quod
993 544 1280 626 quamuis
1305 543 1593 631 ‚aliarum
1641 544 1805 609 Noui
1854 543 2071 609 Mundi
2118 546 2440 625 regionum
2500 542 2695 609 ueluti
2742 542 2861 609 Co-

411 654 728 739 lumbiae,
799 655 1058 740 Mexici,
1116 658 1447 724 Americae
1493 658 1758 742 Mediae,
1806 660 2191 742 Argentinae
2244 660 2531 724 ciuitates
2578 660 2861 725 imitatae

416 771 581 854 sint,
652 791 799 836 mox
865 772 1099 857 partim
1171 771 1592 838 differentium
1649 774 2023 856 regiminum
2096 794 2348 839 normas
2418 774 2863 858 quaesiuerunt

415 886 649 970 partim
706 886 911 968 legeS,
970 908 1124 971 quas
1179 888 1392 971 initio,
1451 908 1590 954 cum
1651 889 1728 955 ab
1784 888 2234 975 Hispaniarum
2296 909 2443 970 rege
2504 887 2861 954 deficientes

413 1000 481 1065 in
529 1002 855 1068 ciuitatum
907 1022 1042 1067 sese
1088 1005 1438 1085 regentium
1487 1005 1766 1070 ordinem
1808 1010 2098 1089 receptae
2146 1012 2311 1088 sunt,
2358 1005 2661 1086 fecerunt,
2711 1024 2859 1073 con-

413 1117 611 1182 tinuis
670 1119 940 1184 motibus
1004 1125 1267 1185 uexatae
1325 1141 1449 1185 non
1507 1127 1653 1186 sunt
1707 1126 2037 1186 exsecutae
2096 1122 2189 1185 ita
2234 1125 2303 1185 ut
2353 1120 2533 1185 uaria
2578 1140 2737 1205 quae
2784 1120 2861 1185 de

417 1234 803 1318 imperfectis
851 1234 949 1299 his
980 1233 1261 1319 Hispano
1309 1276 1394 1285 —
1443 1234 1692 1302 Indicae
1741 1236 2001 1317 originis
2048 1242 2222 1300 trans
2270 1254 2441 1300 mare
2472 1235 2861 1300 Atlanticum

415 1350 556 1414 sitis
602 1350 789 1416 rebus
837 1350 1104 1435 publicis
1152 1356 1404 1437 reperta
1449 1348 1628 1418 nobis
1688 1358 1835 1419 sunt
1880 1354 2212 1438 quicquam
2262 1352 2471 1417 ualere
2518 1350 2597 1416 ad
2646 1354 2862 1415 exacte

414 1466 934 1549 peruestigandas
1005 1487 1106 1531 res
1171 1467 1350 1533 nobis
1417 1469 1774 1554 propositas
1833 1470 1993 1534 tueri
2056 1490 2239 1535 nemo
2298 1468 2519 1553 possit.
2626 1465 2861 1531 Contra

415 1579 582 1663 quod
629 1579 706 1645 de
754 1576 1279 1666 constitutione2’,
1328 1604 1487 1667 quae
1535 1590 1669 1649 erat
1713 1586 1881 1650 inter
1927 1605 2123 1650 annos
2172 1586 2336 1651 1861
2389 1588 2452 1649 et
2503 1582 2672 1648 1865
2718 1580 2864 1647 illa«

419 1714 561 1759 rum
639 1696 939 1762 tredecim
1017 1698 1353 1783 praecipue
1423 1700 1720 1782 Anglicae
1800 1700 2061 1783 originis
2140 1699 2467 1765 ciuitatum
2545 1717 2705 1783 quae
2782 1697 2859 1763 ab

417 1808 742 1894 „Unione“
794 1812 1150 1879 deficientes
1202 1812 1835 1898 „Confoederatarum
1885 1812 2268 1881 Ciuitatum“
2331 1814 2585 1879 nomine
2632 1833 2698 1878 se
2745 1832 2858 1897 ap-

413 1926 735 2011 pellabant
780 1948 1001 2013 parum
1049 1948 1420 2011 cognoscere
1466 1932 1786 2015 potuimus
1820 1930 2222 1997 moerendum
2273 1935 2438 1995 esset
2470 1930 2592 1993 nisi
2642 1947 2854 1993 earum

411 2041 582 2123 leges
627 2062 984 2110 communes
1015 2042 1346 2110 Unitarum
1395 2046 1722 2111 ciuitatum
1769 2047 2012 2127 legibus
2045 2046 2404 2110 simillimae
2450 2044 2641 2109 fuisse
2674 2063 2857 2129 prae-

413 2158 577 2223 sumi
623 2166 898 2244 possent.
990 2160 1151 2226 Nam
1200 2181 1576 2245 quamquam
1627 2162 2015 2245 singularum
2064 2160 2404 2226 Ciuitatum
2463 2160 2855 2225 maiestatem

412 2276 726 2339 communi
799 2276 1154 2341 auctoritati
1224 2277 1287 2341 in
1347 2278 1667 2363 republica
1723 2278 1993 2344 discreta
2050 2296 2341 2363 praeesse
2400 2276 2855 2341 famosissimae

412 2388 585 2453 illius
621 2388 1086 2473 „Secessionis“
1124 2397 1410 2457 auctores
1442 2392 1768 2458 Calhounii
1817 2392 2080 2458 celebris
2124 2392 2220 2457 sui
2264 2391 2583 2477 popularis
2625 2391 2855 2457 doctri-

413 2521 558 2569 nam
609 2508 803 2571 secuti
853 2506 1158 2593 plerique,
1207 2509 1353 2573 dum
1403 2486 1469 2573 in
1501 2507 1745 2575 U'nione
1783 2508 2195 2592 dignitatibus
2226 2507 2425 2573 functi
2456 2512 2621 2593 sunt,
2671 2527 2854 2594 prae-

411 2621 768 2706 tenderunt,
816 2604 1025 2690 tamen
1057 2624 1172 2690 hoc
1204 2626 1367 2709 quod
1401 2626 1829 2692 reclamabant
1858 2627 1956 2690 ius
2004 2625 2631 2691 nullificationis
2677 2625 2854 2708 quasi

410 2743 807 2822 praetextum
859 2739 1193 2825 habebant,
1239 2747 1311 2806 ut
1355 2744 1565 2828 potius
1609 2763 1864 2808 suarum
1899 2742 2224 2825 regionum
2274 2743 2339 2806 in
2387 2743 2707 2823 nigrorum
2742 2741 2854 2806 ho-

410 2854 648 2919 minum
723 2857 1024 2922 seruitute
1081 2864 1144 2922 et
1199 2859 1556 2924 commercii
1617 2859 1824 2923 exteri
1892 2858 2147 2924 licentia
2207 2852 2515 2922 tueudis²⁸
2581 2857 2852 2942 positam

409 2969 748 3036 utilitatem
797 2977 1098 3037 tenerent.
1190 2973 1276 3038 Et
1321 2974 1692 3058 praesertim
1741 2975 1809 3037 in
1856 2973 2016 3038 bello
2064 2973 2230 3058 quod
2282 2971 2643 3038 Secessione
2688 2973 2854 3038 facta

411 3088 621 3152 statim
658 3089 979 3172 successit,
1025 3088 1244 3153 harum
1280 3087 1872 3154 Confoederatarum
1912 3087 2253 3153 Ciuitatum
2300 3107 2690 3153 communem
2738 3107 2852 3172 po-

409 3209 736 3288 testatem,
807 3203 1095 3288 quamuis
1167 3204 1338 3286 leges
1407 3203 1740 3269 nonnullae
1805 3205 2157 3286 obstarent,
2236 3203 2598 3285 diligentius
2664 3203 2850 3268 etiam

409 3339 598 3404 quam
645 3319 976 3386 Unit'arum
1023 3318 1378 3386 Ciuitatum
1439 3339 1834 3385 communem
1894 3323 2263 3404 potestatem
2333 3318 2642 3383 maiestati
2707 3316 2851 3382 Sin-

408 3435 694 3517 gularum
731 3435 1072 3501 Ciuitatum
1121 3436 1408 3501 residuae
1457 3436 1772 3521 parcuisse
1821 3433 2100 3520 paullum
2149 3431 2491 3499 uerisimile
2539 3433 2851 3498 arbitran-

407 3550 558 3615 dum
574 3546 638 3615 ²⁴.
733 3551 1114 3617 Secessionis
1161 3552 1259 3616 ius
1308 3557 1540 3634 autem,
1588 3549 1749 3635 quod
1800 3570 1915 3635 per
1959 3547 2463 3615 Meridionalium
2506 3546 2848 3612 Ciuitatum

406 3666 645 3749 legatos
692 3667 816 3731 iuri
863 3666 1110 3752 publico
1157 3686 1358 3731 nouae
1406 3667 1590 3731 huius
1636 3665 2020 3752 reipublicae
2072 3665 2379 3730 discretae
2427 3664 2846 3745 ingrossatum

408 3787 524 3865 est,
572 3781 660 3845 nil
707 3782 876 3847 aliud
927 3783 1174 3847 uidetur
1221 3783 1342 3847 nisi
1389 3783 1572 3848 istius
1620 3782 1797 3865 legiS,
1848 3782 2112 3870 qua-bis
2158 3783 2225 3846 in
2272 3775 2538 3845 Gallia'⁵
2586 3778 2848 3862 singulis

407 3897 651 3962 ciuibus
697 3897 1041 3962 indiuiduis
1087 3899 1186 3963 ius
1219 3897 1542 3963 seditionis
1590 3898 1958 3964 attributum
2011 3891 2183 3962 est²⁶.
2256 3895 2395 3960 Duo
2444 3899 2651 3960 autem
2697 3895 2849 3960 haec

405 4013 547 4077 iura
613 4013 787 4078 fatua
855 4034 1020 4078 uana
1073 4014 1286 4078 inania
1341 4013 1515 4078 nulla
1581 4012 1849 4097 denique
1910 4012 2230 4078 aestimari
2295 4016 2559 4096 possunt
2618 4015 2680 4075 et
2736 4031 2849 4095 per

409 4147 682 4194 errorem
732 4129 1188 4215 rebuspublicis
1236 4129 1532 4194 iniuncta.
1626 4128 1878 4194 Nullam
1927 4129 2177 4213 quidem
2225 4147 2581 4213 personam,
2629 4146 2847 4210 quam-

409 4243 514 4308 diu
571 4245 780 4328 uiuat,
849 4266 914 4310 se
983 4247 1187 4330 ipsam
1250 4264 1434 4330 posse
1491 4264 1719 4326 negare
1782 4250 2046 4309 constat.
2139 4242 2379 4309 Ciuitas
2440 4243 2632 4325 igitur
2689 4261 2847 4325 quae

407 4359 622 4442 uigere
671 4359 806 4425 uult
851 4403 939 4412 —
984 4361 1254 4446 talisque
1302 4359 1893 4425 Confoederatarum
1956 4359 2283 4424 ciuitatum
2331 4357 2685 4444 respublica
2727 4357 2849 4422 fuit

407 4476 676 4541 discreta
736 4512 823 4520 —
876 4477 975 4542 ius
1031 4477 1232 4562 ipsam
1299 4477 1658 4542 destruendi
1727 4475 1831 4541 uel
1898 4476 2103 4561 ipsam
2162 4495 2272 4540 seu
2330 4473 2676 4540 secessione
2737 4493 2847 4538 seu

408 4590 713 4658 seditione
759 4592 1027 4675 negandi
1076 4593 1363 4678 quamuis
1411 4592 1708 4658 membris
1739 4590 2130 4675 impertitum
2178 4591 2491 4675 respicere
2525 4608 2844 4673 nunquam
