3559 5175
1958 255 2044 320 10

1750 490 1901 551 Pars
1943 489 2250 569 Specialis.

947 627 1042 681 De
1078 626 1446 682 Maiestate
1481 626 1550 681 in
1587 622 2021 681 Ciuitat‘ibus
2058 624 2425 681 Americae
2461 623 2697 681 Vnitis
2734 624 3043 695 Duplice.

909 724 1228 781 Exordium.

1739 818 1985 875 Libellus
2019 819 2253 875 Primus.

1313 920 1398 973 De
1437 918 1887 974 Amerieanorum
1926 918 1983 972 in
2019 917 2173 973 M.D.
2211 918 2445 973 Ratione
2482 915 2689 973 Status.

1053 1016 1234 1088 Caput
1270 1016 1338 1071 A.

1219 1103 1225 1108 ’
1632 1112 1917 1177 Quomodo
1952 1112 2023 1165 M.
2036 1112 2102 1166 D.
2153 1112 2373 1166 oriatur.

1198 1214 1247 1266 1.
1306 1213 1390 1266 De
1426 1211 1495 1265 M.
1514 1210 1581 1264 D.
1619 1225 1717 1279 per
1752 1213 1975 1279 pactum
2014 1213 2200 1264 creata
2236 1210 2332 1265 sed
2372 1226 2439 1265 ex
2479 1210 2538 1265 C.
2551 1211 2611 1264 P.
2650 1210 2933 1265 voluntate
2970 1211 3158 1265 stanti.

1162 1310 1246 1363 ’2.
1303 1308 1388 1381 De
1425 1307 1559 1362 M.D
1615 1322 1685 1361 ex
1722 1312 1867 1361 terra
1904 1306 2248 1361 redundanti.

1197 1407 1247 1459 3.
1309 1406 1389 1458 De
1427 1405 1578 1458 M.D.
1621 1420 1690 1458 ex
1727 1403 2038 1459 hominibus
2076 1404 2421 1458 redundanti.

1057 1503 1237 1571 Caput
1271 1502 1334 1556 Β.

1146 1661 1148 1663 v
1747 1597 1934 1662 Qualis
1972 1598 2123 1653 M.D.
2164 1599 2251 1652 sit.

1201 1698 1248 1750 1.
1306 1696 1390 1749 De
1427 1696 1486 1750 Ο.
1501 1696 1560 1749 Ρ.
1600 1695 1905 1749 Maiestate.

1197 1795 1248 1847 2.
1304 1792 1388 1845 De
1427 1791 1556 1846 S.c.
1595 1793 1900 1846 Maiestate.

1197 1892 1249 1944 3.
1307 1890 1391 1944 De
1427 1888 1642 1943 duabus
1679 1889 2060 1944 Maiestatibus
2099 1889 2454 1957 complicatis.

1707 1986 1948 2041 Libellus
1988 1986 2291 2042 Secundus.

1236 2083 1318 2137 De
1357 2084 1801 2138 Americanorum
1842 2086 1897 2138 in
1936 2085 2087 2138 M.D.
2126 2084 2358 2139 Ratione
2398 2084 2769 2139 Gubernandi.

1059 2180 1241 2250 Caput
1278 2181 1345 2234 A.

1603 2278 1888 2343 Quomodo
1927 2280 1997 2333 Μ.
2013 2280 2079 2334 D.
2121 2278 2397 2347 fungatur.
2440 2336 2459 2349 ,

1203 2378 1249 2428 1.
1311 2375 1595 2440 Quomodo
1633 2377 1749 2429 iure
1790 2378 1970 2445 legum
2011 2376 2357 2431 ferendarum
2395 2376 2671 2445 fungatur.

1199 2473 1250 2525 2.
1308 2472 1592 2537 Quomodo
1629 2474 1746 2527 iure
1786 2474 2204 2528 administrandi
2241 2474 2515 2543 fungatur.

1201 2570 1252 2624 3.
1311 2570 1596 2636 Quomodo
1634 2571 1750 2626 iure
1790 2571 2065 2626 iudicandi
2104 2571 2381 2642 fungatur.

1060 2667 1239 2735 Caput
1277 2668 1336 2721 B.

1540 2764 1749 2830 Quibus
1788 2765 1951 2820 rebus
1990 2768 2058 2819 M.
2079 2767 2143 2820 D.
2183 2765 2462 2835 fungatur.

1207 2865 1252 2915 1.
1313 2862 1395 2916 De
1453 2862 1734 2931 utriusque
1788 2864 2090 2918 Maiestatis
2148 2864 2355 2918 iuribus
2412 2865 2557 2918 circa
2613 2862 3004 2916 humanitatem
3068 2877 3238 2916 exco-

1309 2959 1542 3014 lendam.

1206 3058 1256 3110 2.
1313 3057 1398 3111 De
1425 3058 1708 3126 utriusque
1734 3059 2036 3114 Maiestatis
2063 3058 2270 3115 iuribus
2296 3060 2441 3114 circa
2459 3057 2829 3112 oeconomiam
2854 3056 3236 3112 excolendam.

1205 3158 1254 3207 3.
1316 3155 1396 3208 De
1435 3156 1717 3223 utriusque
1756 3156 2059 3210 Maiestatis
2097 3156 2303 3210 iuribus
2343 3158 2487 3211 circa
2523 3156 2747 3225 politica
2785 3154 3101 3209 excolenda.
