<?xml version="1.0" encoding="UTF-8"?>
<!DOCTYPE html PUBLIC "-//W3C//DTD XHTML 1.0 Transitional//EN"
    "http://www.w3.org/TR/xhtml1/DTD/xhtml1-transitional.dtd">
<html xmlns="http://www.w3.org/1999/xhtml" xml:lang="en" lang="en">
 <head>
  <title>
</title>
<meta http-equiv="Content-Type" content="text/html;charset=utf-8" />
  <meta name='ocr-system' content='tesseract 3.04.00' />
  <meta name='ocr-capabilities' content='ocr_page ocr_carea ocr_par ocr_line ocrx_word'/>
</head>
<body>
  <div class='ocr_page' id='page_1' title='image "./decivitatediscr00huppgoog_0032.png"; bbox 0 0 3559 5175; ppageno 0'>
   <div class='ocr_carea' id='block_1_1' title="bbox 1896 360 1985 426">
    <p class='ocr_par' dir='ltr' id='par_1_1' title="bbox 1896 360 1985 426">
     <span class='ocr_line' id='line_1_1' title="bbox 1896 360 1985 426; baseline 0.011 -1"><span class='ocrx_word' id='word_1_1' title='bbox 1896 360 1985 426; x_wconf 82' lang='lat'>30</span> 
     </span>
    </p>
   </div>
   <div class='ocr_carea' id='block_1_2' title="bbox 709 520 3164 1771">
    <p class='ocr_par' dir='ltr' id='par_1_2' title="bbox 709 520 3164 1657">
     <span class='ocr_line' id='line_1_2' title="bbox 720 520 3164 627; baseline -0.001 -23"><span class='ocrx_word' id='word_1_2' title='bbox 720 533 1004 624; x_wconf 73' lang='lat' dir='ltr'>potest²⁷.</span> <span class='ocrx_word' id='word_1_3' title='bbox 1099 535 1352 603; x_wconf 80' lang='lat' dir='ltr'>&#39;Meram</span> <span class='ocrx_word' id='word_1_4' title='bbox 1408 542 1614 602; x_wconf 89' lang='lat' dir='ltr'>autem</span> <span class='ocrx_word' id='word_1_5' title='bbox 1675 520 2219 619; x_wconf 85' lang='lat' dir='ltr'>congregationem</span> <span class='ocrx_word' id='word_1_6' title='bbox 2248 536 2471 627; x_wconf 40' lang='lat' dir='ltr'>‘fuisse</span> <span class='ocrx_word' id='word_1_7' title='bbox 2535 536 2603 600; x_wconf 90' lang='lat' dir='ltr'>in</span> <span class='ocrx_word' id='word_1_8' title='bbox 2660 536 2835 601; x_wconf 85' lang='lat' dir='ltr'>cuins</span> <span class='ocrx_word' id='word_1_9' title='bbox 2892 535 3164 601; x_wconf 85' lang='lat' dir='ltr'>foederis</span> 
     </span>
     <span class='ocr_line' id='line_1_3' title="bbox 717 651 3162 735; baseline -0.001 -17"><span class='ocrx_word' id='word_1_10' title='bbox 717 674 943 735; x_wconf 86' lang='lat' dir='ltr'>genere</span> <span class='ocrx_word' id='word_1_11' title='bbox 1010 654 1173 717; x_wconf 89' lang='lat' dir='ltr'>sicut</span> <span class='ocrx_word' id='word_1_12' title='bbox 1229 654 1292 717; x_wconf 92' lang='lat' dir='ltr'>in</span> <span class='ocrx_word' id='word_1_13' title='bbox 1351 652 1785 718; x_wconf 89' lang='lat' dir='ltr'>coniunctione</span> <span class='ocrx_word' id='word_1_14' title='bbox 1844 651 2233 732; x_wconf 88' lang='lat' dir='ltr'>singulorum</span> <span class='ocrx_word' id='word_1_15' title='bbox 2290 651 2712 721; x_wconf 88' lang='lat' dir='ltr'>membrorum</span> <span class='ocrx_word' id='word_1_16' title='bbox 2773 662 2837 716; x_wconf 90' lang='lat' dir='ltr'>et</span> <span class='ocrx_word' id='word_1_17' title='bbox 2890 651 2956 715; x_wconf 91' lang='lat' dir='ltr'>in</span> <span class='ocrx_word' id='word_1_18' title='bbox 3014 670 3162 716; x_wconf 87' lang='lat' dir='ltr'>con-</span> 
     </span>
     <span class='ocr_line' id='line_1_4' title="bbox 718 765 3161 853; baseline -0.001 -20"><span class='ocrx_word' id='word_1_19' title='bbox 718 768 1058 833; x_wconf 86' lang='lat' dir='ltr'>sociatione</span> <span class='ocrx_word' id='word_1_20' title='bbox 1117 772 1181 833; x_wconf 91' lang='lat' dir='ltr'>et</span> <span class='ocrx_word' id='word_1_21' title='bbox 1233 769 1300 832; x_wconf 93' lang='lat' dir='ltr'>in</span> <span class='ocrx_word' id='word_1_22' title='bbox 1355 768 1897 853; x_wconf 77' lang='lat' dir='ltr'>confoederatione</span> <span class='ocrx_word' id='word_1_23' title='bbox 1952 766 2175 832; x_wconf 89' lang='lat' dir='ltr'>illicita</span> <span class='ocrx_word' id='word_1_24' title='bbox 2228 766 2496 831; x_wconf 89' lang='lat' dir='ltr'>secessio</span> <span class='ocrx_word' id='word_1_25' title='bbox 2554 770 2902 850; x_wconf 91' lang='lat' dir='ltr'>spontanea</span> <span class='ocrx_word' id='word_1_26' title='bbox 2948 765 3161 851; x_wconf 89' lang='lat' dir='ltr'>placa-</span> 
     </span>
     <span class='ocr_line' id='line_1_5' title="bbox 717 876 3162 967; baseline -0.001 -20"><span class='ocrx_word' id='word_1_27' title='bbox 717 882 862 947; x_wconf 91' lang='lat' dir='ltr'>bilis</span> <span class='ocrx_word' id='word_1_28' title='bbox 894 883 1282 967; x_wconf 77' lang='lat' dir='ltr'>permittitur</span> <span class='ocrx_word' id='word_1_29' title='bbox 1295 876 1343 912; x_wconf 79' lang='lat'>&#39;⁸</span> <span class='ocrx_word' id='word_1_30' title='bbox 1383 882 1546 947; x_wconf 88' lang='lat' dir='ltr'>hanc</span> <span class='ocrx_word' id='word_1_31' title='bbox 1573 881 1917 947; x_wconf 88' lang='lat' dir='ltr'>nouissime</span> <span class='ocrx_word' id='word_1_32' title='bbox 1949 888 2150 947; x_wconf 83' lang='lat' dir='ltr'>ortam</span> <span class='ocrx_word' id='word_1_33' title='bbox 2182 882 2525 946; x_wconf 88' lang='lat' dir='ltr'>nouissime</span> <span class='ocrx_word' id='word_1_34' title='bbox 2562 882 2935 946; x_wconf 83' lang='lat' dir='ltr'>exstinctam</span> <span class='ocrx_word' id='word_1_35' title='bbox 2967 882 3162 945; x_wconf 87' lang='lat' dir='ltr'>Ame-</span> 
     </span>
     <span class='ocr_line' id='line_1_6' title="bbox 717 996 3161 1082; baseline -0 -21"><span class='ocrx_word' id='word_1_36' title='bbox 717 998 884 1063; x_wconf 88' lang='lat' dir='ltr'>ricae</span> <span class='ocrx_word' id='word_1_37' title='bbox 930 997 1379 1082; x_wconf 79' lang='lat' dir='ltr'>rempublicam</span> <span class='ocrx_word' id='word_1_38' title='bbox 1430 996 1744 1062; x_wconf 86' lang='lat' dir='ltr'>difficilius</span> <span class='ocrx_word' id='word_1_39' title='bbox 1790 997 2047 1081; x_wconf 87' lang='lat' dir='ltr'>probari</span> <span class='ocrx_word' id='word_1_40' title='bbox 2094 1003 2309 1082; x_wconf 89' lang='lat' dir='ltr'>posset</span> <span class='ocrx_word' id='word_1_41' title='bbox 2353 996 2641 1062; x_wconf 88' lang='lat' dir='ltr'>obstante</span> <span class='ocrx_word' id='word_1_42' title='bbox 2686 996 2964 1080; x_wconf 88' lang='lat' dir='ltr'>ipsorum</span> <span class='ocrx_word' id='word_1_43' title='bbox 3024 996 3161 1061; x_wconf 87' lang='lat' dir='ltr'>eius</span> 
     </span>
     <span class='ocr_line' id='line_1_7' title="bbox 717 1110 3161 1197; baseline -0 -21"><span class='ocrx_word' id='word_1_44' title='bbox 717 1118 1026 1178; x_wconf 85' lang='lat' dir='ltr'>rectorum</span> <span class='ocrx_word' id='word_1_45' title='bbox 1088 1112 1436 1193; x_wconf 89' lang='lat' dir='ltr'>legatorum</span> <span class='ocrx_word' id='word_1_46' title='bbox 1495 1113 1872 1197; x_wconf 90' lang='lat' dir='ltr'>scriptorum</span> <span class='ocrx_word' id='word_1_47' title='bbox 1930 1112 2327 1194; x_wconf 88' lang='lat' dir='ltr'>testimonio,</span> <span class='ocrx_word' id='word_1_48' title='bbox 2396 1130 2519 1196; x_wconf 91' lang='lat' dir='ltr'>quo</span> <span class='ocrx_word' id='word_1_49' title='bbox 2578 1112 2763 1176; x_wconf 87' lang='lat' dir='ltr'>huius</span> <span class='ocrx_word' id='word_1_50' title='bbox 2832 1110 3161 1192; x_wconf 86' lang='lat' dir='ltr'>regiminis</span> 
     </span>
     <span class='ocr_line' id='line_1_8' title="bbox 714 1222 3155 1312; baseline -0.001 -21"><span class='ocrx_word' id='word_1_51' title='bbox 714 1227 1188 1292; x_wconf 86' lang='lat' dir='ltr'>fundamentum</span> <span class='ocrx_word' id='word_1_52' title='bbox 1235 1228 1495 1312; x_wconf 85' lang='lat' dir='ltr'>propria</span> <span class='ocrx_word' id='word_1_53' title='bbox 1539 1228 1801 1291; x_wconf 88' lang='lat' dir='ltr'>unitatis</span> <span class='ocrx_word' id='word_1_54' title='bbox 1846 1226 2281 1311; x_wconf 80' lang='lat' dir='ltr'>libertatisque</span> <span class='ocrx_word' id='word_1_55' title='bbox 2325 1226 2554 1310; x_wconf 90' lang='lat' dir='ltr'>cupida</span> <span class='ocrx_word' id='word_1_56' title='bbox 2604 1222 2859 1309; x_wconf 87' lang='lat' dir='ltr'>„natio“</span> <span class='ocrx_word' id='word_1_57' title='bbox 2904 1225 3155 1293; x_wconf 84' lang='lat' dir='ltr'>dicitnr.</span> 
     </span>
     <span class='ocr_line' id='line_1_9' title="bbox 716 1340 3161 1427; baseline -0.001 -21"><span class='ocrx_word' id='word_1_58' title='bbox 716 1341 903 1407; x_wconf 89' lang='lat' dir='ltr'>Natio</span> <span class='ocrx_word' id='word_1_59' title='bbox 949 1348 1190 1424; x_wconf 85' lang='lat' dir='ltr'>autem,</span> <span class='ocrx_word' id='word_1_60' title='bbox 1251 1362 1410 1425; x_wconf 88' lang='lat' dir='ltr'>quae</span> <span class='ocrx_word' id='word_1_61' title='bbox 1469 1342 1736 1427; x_wconf 88' lang='lat' dir='ltr'>populus</span> <span class='ocrx_word' id='word_1_62' title='bbox 1786 1343 1883 1407; x_wconf 88' lang='lat' dir='ltr'>sni</span> <span class='ocrx_word' id='word_1_63' title='bbox 1929 1342 2087 1409; x_wconf 87' lang='lat' dir='ltr'>iuris</span> <span class='ocrx_word' id='word_1_64' title='bbox 2135 1362 2270 1407; x_wconf 86' lang='lat' dir='ltr'>esse</span> <span class='ocrx_word' id='word_1_65' title='bbox 2324 1342 2495 1424; x_wconf 85' lang='lat' dir='ltr'>uult,</span> <span class='ocrx_word' id='word_1_66' title='bbox 2552 1361 2691 1406; x_wconf 90' lang='lat' dir='ltr'>cum</span> <span class='ocrx_word' id='word_1_67' title='bbox 2744 1340 3041 1425; x_wconf 88' lang='lat' dir='ltr'>populum</span> <span class='ocrx_word' id='word_1_68' title='bbox 3090 1360 3161 1405; x_wconf 87' lang='lat' dir='ltr'>se</span> 
     </span>
     <span class='ocr_line' id='line_1_10' title="bbox 717 1451 3153 1543; baseline -0.001 -22"><span class='ocrx_word' id='word_1_69' title='bbox 717 1456 1086 1541; x_wconf 85' lang='lat' dir='ltr'>proclamat,</span> <span class='ocrx_word' id='word_1_70' title='bbox 1134 1477 1258 1541; x_wconf 88' lang='lat' dir='ltr'>qua</span> <span class='ocrx_word' id='word_1_71' title='bbox 1287 1457 1579 1543; x_wconf 78' lang='lat' dir='ltr'>populuS,</span> <span class='ocrx_word' id='word_1_72' title='bbox 1625 1457 1969 1539; x_wconf 89' lang='lat' dir='ltr'>ciuitatem,</span> <span class='ocrx_word' id='word_1_73' title='bbox 2016 1456 2107 1523; x_wconf 88' lang='lat' dir='ltr'>nil</span> <span class='ocrx_word' id='word_1_74' title='bbox 2140 1477 2373 1539; x_wconf 87' lang='lat' dir='ltr'>moror,</span> <span class='ocrx_word' id='word_1_75' title='bbox 2418 1456 2868 1541; x_wconf 74' lang='lat' dir='ltr'>rempublicam</span> <span class='ocrx_word' id='word_1_76' title='bbox 2917 1451 3153 1521; x_wconf 80' lang='lat' dir='ltr'>discre-</span> 
     </span>
     <span class='ocr_line' id='line_1_11' title="bbox 709 1567 2250 1657; baseline -0.001 -21"><span class='ocrx_word' id='word_1_77' title='bbox 709 1575 845 1636; x_wconf 87' lang='lat' dir='ltr'>tam</span> <span class='ocrx_word' id='word_1_78' title='bbox 891 1577 1203 1657; x_wconf 79' lang='lat' dir='ltr'>procreat,</span> <span class='ocrx_word' id='word_1_79' title='bbox 1249 1592 1571 1655; x_wconf 87' lang='lat' dir='ltr'>nunquam</span> <span class='ocrx_word' id='word_1_80' title='bbox 1617 1573 2169 1653; x_wconf 82' lang='lat' dir='ltr'>congregationem</span> <span class='ocrx_word' id='word_1_81' title='bbox 2183 1567 2250 1635; x_wconf 76' lang='lat'>²⁹.</span> 
     </span>
    </p>

    <p class='ocr_par' dir='ltr' id='par_1_3' title="bbox 893 1684 3158 1771">
     <span class='ocr_line' id='line_1_12' title="bbox 893 1684 3158 1771; baseline 0 -20"><span class='ocrx_word' id='word_1_82' title='bbox 893 1684 930 1767; x_wconf 69' lang='grc' dir='ltr'><strong>ξ</strong></span> <span class='ocrx_word' id='word_1_83' title='bbox 978 1688 1083 1751; x_wconf 83' lang='lat'>25.</span> <span class='ocrx_word' id='word_1_84' title='bbox 1175 1686 1394 1770; x_wconf 88' lang='lat' dir='ltr'>Itaque</span> <span class='ocrx_word' id='word_1_85' title='bbox 1451 1686 1528 1751; x_wconf 90' lang='lat' dir='ltr'>de</span> <span class='ocrx_word' id='word_1_86' title='bbox 1575 1687 1922 1752; x_wconf 85' lang='lat' dir='ltr'>maiestatis</span> <span class='ocrx_word' id='word_1_87' title='bbox 1970 1686 2271 1771; x_wconf 87' lang='lat' dir='ltr'>duplicis,</span> <span class='ocrx_word' id='word_1_88' title='bbox 2327 1706 2486 1769; x_wconf 90' lang='lat' dir='ltr'>quae</span> <span class='ocrx_word' id='word_1_89' title='bbox 2552 1685 2863 1760; x_wconf 86' lang='lat' dir='ltr'>modoad</span> <span class='ocrx_word' id='word_1_90' title='bbox 2908 1692 3158 1770; x_wconf 88' lang='lat' dir='ltr'>tempus</span> 
     </span>
    </p>
   </div>
   <div class='ocr_carea' id='block_1_3' title="bbox 715 1800 3257 1886">
    <p class='ocr_par' dir='ltr' id='par_1_4' title="bbox 715 1800 3257 1886">
     <span class='ocr_line' id='line_1_13' title="bbox 715 1800 3257 1886; baseline 0 -19"><span class='ocrx_word' id='word_1_91' title='bbox 715 1803 905 1867; x_wconf 88' lang='lat' dir='ltr'>etiam</span> <span class='ocrx_word' id='word_1_92' title='bbox 953 1802 1056 1867; x_wconf 91' lang='lat' dir='ltr'>hic</span> <span class='ocrx_word' id='word_1_93' title='bbox 1098 1802 1220 1867; x_wconf 86' lang='lat' dir='ltr'>fuit</span> <span class='ocrx_word' id='word_1_94' title='bbox 1265 1800 1466 1881; x_wconf 86' lang='lat' dir='ltr'>(nulla</span> <span class='ocrx_word' id='word_1_95' title='bbox 1512 1800 1666 1867; x_wconf 88' lang='lat' dir='ltr'>iuris</span> <span class='ocrx_word' id='word_1_96' title='bbox 1713 1801 2019 1884; x_wconf 90' lang='lat' dir='ltr'>gentium,</span> <span class='ocrx_word' id='word_1_97' title='bbox 2063 1802 2129 1867; x_wconf 93' lang='lat' dir='ltr'>in</span> <span class='ocrx_word' id='word_1_98' title='bbox 2176 1823 2297 1885; x_wconf 89' lang='lat' dir='ltr'>quo</span> <span class='ocrx_word' id='word_1_99' title='bbox 2343 1801 2620 1886; x_wconf 86' lang='lat' dir='ltr'>scrupuli</span> <span class='ocrx_word' id='word_1_100' title='bbox 2667 1802 2743 1867; x_wconf 91' lang='lat' dir='ltr'>de</span> <span class='ocrx_word' id='word_1_101' title='bbox 2788 1821 2941 1867; x_wconf 86' lang='lat' dir='ltr'>uera</span> <span class='ocrx_word' id='word_1_102' title='bbox 2984 1820 3156 1867; x_wconf 91' lang='lat' dir='ltr'>com·</span> <span class='ocrx_word' id='word_1_103' title='bbox 3252 1810 3257 1815; x_wconf 84' lang='grc'><strong>”</strong></span> 
     </span>
    </p>
   </div>
   <div class='ocr_carea' id='block_1_4' title="bbox 713 1916 3199 4420">
    <p class='ocr_par' dir='ltr' id='par_1_5' title="bbox 713 1916 3199 4420">
     <span class='ocr_line' id='line_1_14' title="bbox 716 1916 3155 2002; baseline -0 -20"><span class='ocrx_word' id='word_1_104' title='bbox 716 1919 924 1983; x_wconf 90' lang='lat' dir='ltr'>munis</span> <span class='ocrx_word' id='word_1_105' title='bbox 995 1919 1060 1983; x_wconf 90' lang='lat' dir='ltr'>in</span> <span class='ocrx_word' id='word_1_106' title='bbox 1131 1916 1601 1985; x_wconf 85' lang='lat' dir='ltr'>Confoederatis</span> <span class='ocrx_word' id='word_1_107' title='bbox 1675 1916 2055 1985; x_wconf 86' lang='lat' dir='ltr'>Ciuitatibus</span> <span class='ocrx_word' id='word_1_108' title='bbox 2132 1919 2461 2002; x_wconf 90' lang='lat' dir='ltr'>potestatis</span> <span class='ocrx_word' id='word_1_109' title='bbox 2538 1918 2865 1981; x_wconf 86' lang='lat' dir='ltr'>maiestate</span> <span class='ocrx_word' id='word_1_110' title='bbox 2944 1916 3155 1981; x_wconf 86' lang='lat' dir='ltr'>statim</span> 
     </span>
     <span class='ocr_line' id='line_1_15' title="bbox 717 2031 3157 2124; baseline 0 -27"><span class='ocrx_word' id='word_1_111' title='bbox 717 2034 907 2109; x_wconf 83' lang='lat' dir='ltr'>eximi</span> <span class='ocrx_word' id='word_1_112' title='bbox 963 2053 1087 2098; x_wconf 90' lang='lat' dir='ltr'>non</span> <span class='ocrx_word' id='word_1_113' title='bbox 1149 2034 1419 2118; x_wconf 78' lang='lat' dir='ltr'>possint,</span> <span class='ocrx_word' id='word_1_114' title='bbox 1478 2034 1720 2097; x_wconf 90' lang='lat' dir='ltr'>ratione</span> <span class='ocrx_word' id='word_1_115' title='bbox 1777 2031 2015 2114; x_wconf 86' lang='lat' dir='ltr'>habita)</span> <span class='ocrx_word' id='word_1_116' title='bbox 2064 2032 2304 2098; x_wconf 88' lang='lat' dir='ltr'>iuribus</span> <span class='ocrx_word' id='word_1_117' title='bbox 2350 2052 2580 2124; x_wconf 17' lang='lat' dir='ltr'>*parum</span> <span class='ocrx_word' id='word_1_118' title='bbox 2641 2032 2824 2114; x_wconf 90' lang='lat' dir='ltr'>noui,</span> <span class='ocrx_word' id='word_1_119' title='bbox 2880 2031 3043 2113; x_wconf 88' lang='lat' dir='ltr'>quod</span> <span class='ocrx_word' id='word_1_120' title='bbox 3089 2031 3157 2098; x_wconf 86' lang='lat' dir='ltr'>in</span> 
     </span>
     <span class='ocr_line' id='line_1_16' title="bbox 715 2147 3159 2231; baseline -0 -19"><span class='ocrx_word' id='word_1_121' title='bbox 715 2148 1038 2213; x_wconf 87' lang='lat' dir='ltr'>Atlantica</span> <span class='ocrx_word' id='word_1_122' title='bbox 1084 2148 1528 2213; x_wconf 89' lang='lat' dir='ltr'>constitutione</span> <span class='ocrx_word' id='word_1_123' title='bbox 1576 2168 1708 2231; x_wconf 42' lang='lat' dir='ltr'>‚non</span> <span class='ocrx_word' id='word_1_124' title='bbox 1769 2154 1967 2229; x_wconf 88' lang='lat' dir='ltr'>esset,</span> <span class='ocrx_word' id='word_1_125' title='bbox 2023 2147 2127 2213; x_wconf 88' lang='lat' dir='ltr'>hic</span> <span class='ocrx_word' id='word_1_126' title='bbox 2170 2148 2441 2213; x_wconf 88' lang='lat' dir='ltr'>inueniri</span> <span class='ocrx_word' id='word_1_127' title='bbox 2499 2148 2931 2214; x_wconf 81' lang='lat' dir='ltr'>existimantes</span> <span class='ocrx_word' id='word_1_128' title='bbox 2979 2150 3159 2211; x_wconf 82' lang='lat' dir='ltr'>extra</span> 
     </span>
     <span class='ocr_line' id='line_1_17' title="bbox 714 2260 3158 2348; baseline 0 -21"><span class='ocrx_word' id='word_1_129' title='bbox 714 2262 1034 2348; x_wconf 88' lang='lat' dir='ltr'>Europam</span> <span class='ocrx_word' id='word_1_130' title='bbox 1089 2263 1324 2328; x_wconf 87' lang='lat' dir='ltr'>mentio</span> <span class='ocrx_word' id='word_1_131' title='bbox 1367 2262 1715 2331; x_wconf 76' lang='lat' dir='ltr'>&#39;iniicienda</span> <span class='ocrx_word' id='word_1_132' title='bbox 1768 2282 1895 2327; x_wconf 89' lang='lat' dir='ltr'>non</span> <span class='ocrx_word' id='word_1_133' title='bbox 1956 2268 2123 2327; x_wconf 88' lang='lat' dir='ltr'>esset</span> <span class='ocrx_word' id='word_1_134' title='bbox 2177 2263 2302 2329; x_wconf 90' lang='lat' dir='ltr'>nisi</span> <span class='ocrx_word' id='word_1_135' title='bbox 2348 2261 2696 2345; x_wconf 87' lang='lat' dir='ltr'>Anglorum</span> <span class='ocrx_word' id='word_1_136' title='bbox 2751 2262 2817 2327; x_wconf 89' lang='lat' dir='ltr'>in</span> <span class='ocrx_word' id='word_1_137' title='bbox 2863 2260 3158 2327; x_wconf 77' lang='lat' dir='ltr'>Amerina</span> 
     </span>
     <span class='ocr_line' id='line_1_18' title="bbox 717 2373 3153 2464; baseline -0.001 -20"><span class='ocrx_word' id='word_1_138' title='bbox 717 2373 1264 2464; x_wconf 77' lang='lat' dir='ltr'>Septentrionali⁸⁰</span> <span class='ocrx_word' id='word_1_139' title='bbox 1319 2383 1384 2443; x_wconf 89' lang='lat' dir='ltr'>et</span> <span class='ocrx_word' id='word_1_140' title='bbox 1439 2378 1506 2444; x_wconf 93' lang='lat' dir='ltr'>in</span> <span class='ocrx_word' id='word_1_141' title='bbox 1563 2376 1888 2444; x_wconf 86' lang='lat' dir='ltr'>Australia</span> <span class='ocrx_word' id='word_1_142' title='bbox 1944 2377 2349 2446; x_wconf 87' lang='lat' dir='ltr'>coloniarum.</span> <span class='ocrx_word' id='word_1_143' title='bbox 2442 2375 2717 2453; x_wconf 85' lang='lat' dir='ltr'>Quarum</span> <span class='ocrx_word' id='word_1_144' title='bbox 2788 2377 2939 2459; x_wconf 86' lang='lat' dir='ltr'>hae,</span> <span class='ocrx_word' id='word_1_145' title='bbox 3012 2394 3153 2441; x_wconf 90' lang='lat' dir='ltr'>cum</span> 
     </span>
     <span class='ocr_line' id='line_1_19' title="bbox 714 2491 3159 2578; baseline -0.002 -19"><span class='ocrx_word' id='word_1_146' title='bbox 714 2494 933 2559; x_wconf 87' lang='lat' dir='ltr'>foedus</span> <span class='ocrx_word' id='word_1_147' title='bbox 997 2498 1372 2578; x_wconf 88' lang='lat' dir='ltr'>perpetuum</span> <span class='ocrx_word' id='word_1_148' title='bbox 1430 2493 1544 2560; x_wconf 90' lang='lat' dir='ltr'>sub</span> <span class='ocrx_word' id='word_1_149' title='bbox 1602 2492 1985 2578; x_wconf 88' lang='lat' dir='ltr'>reipublicae</span> <span class='ocrx_word' id='word_1_150' title='bbox 2043 2492 2351 2559; x_wconf 84' lang='lat' dir='ltr'>discretae</span> <span class='ocrx_word' id='word_1_151' title='bbox 2406 2492 2627 2559; x_wconf 85' lang='lat' dir='ltr'>formis</span> <span class='ocrx_word' id='word_1_152' title='bbox 2674 2492 2834 2557; x_wconf 89' lang='lat' dir='ltr'>inire</span> <span class='ocrx_word' id='word_1_153' title='bbox 2878 2491 3159 2573; x_wconf 71' lang='lat' dir='ltr'>grauiter</span> 
     </span>
     <span class='ocr_line' id='line_1_20' title="bbox 715 2607 3158 2694; baseline -0.002 -18"><span class='ocrx_word' id='word_1_154' title='bbox 715 2611 1072 2694; x_wconf 80' lang='lat' dir='ltr'>intendant,</span> <span class='ocrx_word' id='word_1_155' title='bbox 1142 2609 1288 2675; x_wconf 89' lang='lat' dir='ltr'>illae</span> <span class='ocrx_word' id='word_1_156' title='bbox 1339 2610 1628 2692; x_wconf 84' lang='lat' dir='ltr'>inierint,</span> <span class='ocrx_word' id='word_1_157' title='bbox 1699 2615 1912 2677; x_wconf 87' lang='lat' dir='ltr'>tamen</span> <span class='ocrx_word' id='word_1_158' title='bbox 1977 2610 2125 2692; x_wconf 90' lang='lat' dir='ltr'>quia</span> <span class='ocrx_word' id='word_1_159' title='bbox 2182 2608 2460 2674; x_wconf 87' lang='lat' dir='ltr'>coloniae</span> <span class='ocrx_word' id='word_1_160' title='bbox 2515 2614 2811 2691; x_wconf 88' lang='lat' dir='ltr'>tanquam</span> <span class='ocrx_word' id='word_1_161' title='bbox 2880 2607 3158 2688; x_wconf 85' lang='lat' dir='ltr'>Reginae</span> 
     </span>
     <span class='ocr_line' id='line_1_21' title="bbox 716 2723 3157 2810; baseline -0 -18"><span class='ocrx_word' id='word_1_162' title='bbox 716 2727 1064 2808; x_wconf 88' lang='lat' dir='ltr'>Anglorum</span> <span class='ocrx_word' id='word_1_163' title='bbox 1121 2725 1304 2810; x_wconf 87' lang='lat' dir='ltr'>plene</span> <span class='ocrx_word' id='word_1_164' title='bbox 1351 2725 1666 2792; x_wconf 86' lang='lat' dir='ltr'>subiectae</span> <span class='ocrx_word' id='word_1_165' title='bbox 1725 2744 1841 2790; x_wconf 85' lang='lat' dir='ltr'>nee</span> <span class='ocrx_word' id='word_1_166' title='bbox 1898 2725 2181 2806; x_wconf 83' lang='lat' dir='ltr'>singulae</span> <span class='ocrx_word' id='word_1_167' title='bbox 2238 2744 2439 2809; x_wconf 91' lang='lat' dir='ltr'>neque</span> <span class='ocrx_word' id='word_1_168' title='bbox 2485 2725 2817 2791; x_wconf 89' lang='lat' dir='ltr'>uniuersae</span> <span class='ocrx_word' id='word_1_169' title='bbox 2861 2723 3157 2791; x_wconf 80' lang='lat' dir='ltr'>maiesta-</span> 
     </span>
     <span class='ocr_line' id='line_1_22' title="bbox 715 2824 3199 2925; baseline -0.002 -17"><span class='ocrx_word' id='word_1_170' title='bbox 715 2847 840 2908; x_wconf 89' lang='lat' dir='ltr'>tem</span> <span class='ocrx_word' id='word_1_171' title='bbox 903 2847 1117 2907; x_wconf 88' lang='lat' dir='ltr'>tenere</span> <span class='ocrx_word' id='word_1_172' title='bbox 1175 2824 1438 2925; x_wconf 77' lang='lat' dir='ltr'>possunt</span> <span class='ocrx_word' id='word_1_173' title='bbox 1492 2861 1572 2905; x_wconf 92' lang='lat' dir='ltr'>ne</span> <span class='ocrx_word' id='word_1_174' title='bbox 1627 2840 2055 2906; x_wconf 87' lang='lat' dir='ltr'>obseruandae</span> <span class='ocrx_word' id='word_1_175' title='bbox 2110 2839 2382 2924; x_wconf 89' lang='lat' dir='ltr'>quidem.</span> <span class='ocrx_word' id='word_1_176' title='bbox 2474 2838 2707 2904; x_wconf 85' lang='lat' dir='ltr'>Iterum</span> <span class='ocrx_word' id='word_1_177' title='bbox 2765 2839 2830 2904; x_wconf 91' lang='lat' dir='ltr'>in</span> <span class='ocrx_word' id='word_1_178' title='bbox 2876 2838 3199 2923; x_wconf 39' lang='lat' dir='ltr'>Europas</span> 
     </span>
     <span class='ocr_line' id='line_1_23' title="bbox 714 2954 3155 3041; baseline -0.002 -18"><span class='ocrx_word' id='word_1_179' title='bbox 714 2958 820 3023; x_wconf 90' lang='lat' dir='ltr'>ubi</span> <span class='ocrx_word' id='word_1_180' title='bbox 867 2956 1241 3040; x_wconf 83' lang='lat' dir='ltr'>Hispaniam</span> <span class='ocrx_word' id='word_1_181' title='bbox 1291 2954 1674 3041; x_wconf 87' lang='lat' dir='ltr'>reipublicae</span> <span class='ocrx_word' id='word_1_182' title='bbox 1722 2955 2029 3021; x_wconf 83' lang='lat' dir='ltr'>discretae</span> <span class='ocrx_word' id='word_1_183' title='bbox 2075 2955 2341 3022; x_wconf 84' lang='lat' dir='ltr'>formam</span> <span class='ocrx_word' id='word_1_184' title='bbox 2398 2955 2659 3020; x_wconf 88' lang='lat' dir='ltr'>induere</span> <span class='ocrx_word' id='word_1_185' title='bbox 2704 2954 2979 3020; x_wconf 87' lang='lat' dir='ltr'>uoluisse</span> <span class='ocrx_word' id='word_1_186' title='bbox 3024 2972 3155 3017; x_wconf 94' lang='lat' dir='ltr'>mo-</span> 
     </span>
     <span class='ocr_line' id='line_1_24' title="bbox 715 3067 3153 3157; baseline -0.001 -21"><span class='ocrx_word' id='word_1_187' title='bbox 715 3072 912 3137; x_wconf 89' lang='lat' dir='ltr'>menti</span> <span class='ocrx_word' id='word_1_188' title='bbox 958 3092 1072 3157; x_wconf 89' lang='lat' dir='ltr'>pro</span> <span class='ocrx_word' id='word_1_189' title='bbox 1117 3071 1274 3137; x_wconf 82' lang='lat' dir='ltr'>iuris</span> <span class='ocrx_word' id='word_1_190' title='bbox 1321 3067 1554 3156; x_wconf 77' lang='lat' dir='ltr'>publici</span> <span class='ocrx_word' id='word_1_191' title='bbox 1602 3071 1830 3136; x_wconf 88' lang='lat' dir='ltr'>notitia</span> <span class='ocrx_word' id='word_1_192' title='bbox 1875 3069 2153 3136; x_wconf 90' lang='lat' dir='ltr'>nondum</span> <span class='ocrx_word' id='word_1_193' title='bbox 2203 3071 2497 3154; x_wconf 88' lang='lat' dir='ltr'>habetur,</span> <span class='ocrx_word' id='word_1_194' title='bbox 2554 3070 2679 3135; x_wconf 91' lang='lat' dir='ltr'>dua</span> <span class='ocrx_word' id='word_1_195' title='bbox 2722 3069 3153 3134; x_wconf 89' lang='lat' dir='ltr'>tantummodo</span> 
     </span>
     <span class='ocr_line' id='line_1_25' title="bbox 714 3185 3153 3269; baseline -0.001 -16"><span class='ocrx_word' id='word_1_196' title='bbox 714 3207 882 3253; x_wconf 89' lang='lat' dir='ltr'>nuno</span> <span class='ocrx_word' id='word_1_197' title='bbox 939 3187 1239 3256; x_wconf 86' lang='lat' dir='ltr'>habemus</span> <span class='ocrx_word' id='word_1_198' title='bbox 1293 3187 1546 3253; x_wconf 84' lang='lat' dir='ltr'>foedera</span> <span class='ocrx_word' id='word_1_199' title='bbox 1591 3185 1945 3252; x_wconf 88' lang='lat' dir='ltr'>Heluetiam</span> <span class='ocrx_word' id='word_1_200' title='bbox 2004 3185 2439 3269; x_wconf 84' lang='lat' dir='ltr'>Germaniam,</span> <span class='ocrx_word' id='word_1_201' title='bbox 2502 3205 2659 3269; x_wconf 89' lang='lat' dir='ltr'>quae</span> <span class='ocrx_word' id='word_1_202' title='bbox 2714 3205 2857 3251; x_wconf 90' lang='lat' dir='ltr'>cum</span> <span class='ocrx_word' id='word_1_203' title='bbox 2910 3185 3058 3250; x_wconf 91' lang='lat' dir='ltr'>inde</span> <span class='ocrx_word' id='word_1_204' title='bbox 3115 3205 3153 3250; x_wconf 88' lang='lat' dir='ltr'>a</span> 
     </span>
     <span class='ocr_line' id='line_1_26' title="bbox 715 3300 3155 3385; baseline -0.001 -18"><span class='ocrx_word' id='word_1_205' title='bbox 715 3302 916 3370; x_wconf 90' lang='lat' dir='ltr'>nostri</span> <span class='ocrx_word' id='word_1_206' title='bbox 958 3301 1152 3370; x_wconf 88' lang='lat' dir='ltr'>seculi</span> <span class='ocrx_word' id='word_1_207' title='bbox 1199 3320 1424 3369; x_wconf 87' lang='lat' dir='ltr'>aurora</span> <span class='ocrx_word' id='word_1_208' title='bbox 1469 3301 1680 3368; x_wconf 86' lang='lat' dir='ltr'>uarias</span> <span class='ocrx_word' id='word_1_209' title='bbox 1728 3301 2191 3368; x_wconf 87' lang='lat' dir='ltr'>uicissitudines</span> <span class='ocrx_word' id='word_1_210' title='bbox 2238 3305 2427 3384; x_wconf 88' lang='lat' dir='ltr'>atque</span> <span class='ocrx_word' id='word_1_211' title='bbox 2460 3301 2619 3369; x_wconf 90' lang='lat' dir='ltr'>iuris</span> <span class='ocrx_word' id='word_1_212' title='bbox 2665 3300 2897 3385; x_wconf 87' lang='lat' dir='ltr'>publici</span> <span class='ocrx_word' id='word_1_213' title='bbox 2944 3320 3155 3366; x_wconf 89' lang='lat' dir='ltr'>emen-</span> 
     </span>
     <span class='ocr_line' id='line_1_27' title="bbox 716 3411 3149 3501; baseline -0.002 -19"><span class='ocrx_word' id='word_1_214' title='bbox 716 3418 906 3484; x_wconf 91' lang='lat' dir='ltr'>dandi</span> <span class='ocrx_word' id='word_1_215' title='bbox 936 3425 1196 3483; x_wconf 84' lang='lat' dir='ltr'>conatus</span> <span class='ocrx_word' id='word_1_216' title='bbox 1227 3435 1450 3501; x_wconf 82' lang='lat' dir='ltr'>passae</span> <span class='ocrx_word' id='word_1_217' title='bbox 1481 3416 1610 3480; x_wconf 90' lang='lat' dir='ltr'>sint</span> <span class='ocrx_word' id='word_1_218' title='bbox 1652 3416 1763 3481; x_wconf 88' lang='lat' dir='ltr'>illa</span> <span class='ocrx_word' id='word_1_219' title='bbox 1810 3435 1971 3489; x_wconf 84' lang='lat' dir='ltr'>anno</span> <span class='ocrx_word' id='word_1_220' title='bbox 2010 3411 2236 3481; x_wconf 80' lang='lat'>1848⁸¹</span> <span class='ocrx_word' id='word_1_221' title='bbox 2284 3417 2439 3482; x_wconf 86' lang='lat' dir='ltr'>haec</span> <span class='ocrx_word' id='word_1_222' title='bbox 2468 3416 2649 3482; x_wconf 89' lang='lat' dir='ltr'>annis</span> <span class='ocrx_word' id='word_1_223' title='bbox 2686 3417 2853 3481; x_wconf 88' lang='grc'>1867</span> <span class='ocrx_word' id='word_1_224' title='bbox 2890 3421 2953 3480; x_wconf 92' lang='lat' dir='ltr'>et</span> <span class='ocrx_word' id='word_1_225' title='bbox 2988 3417 3149 3480; x_wconf 81' lang='lat'>1871</span> 
     </span>
     <span class='ocr_line' id='line_1_28' title="bbox 715 3530 3155 3616; baseline -0.001 -18"><span class='ocrx_word' id='word_1_226' title='bbox 715 3533 1190 3600; x_wconf 85' lang='lat' dir='ltr'>constitutiones</span> <span class='ocrx_word' id='word_1_227' title='bbox 1235 3531 1494 3596; x_wconf 88' lang='lat' dir='ltr'>idoneas</span> <span class='ocrx_word' id='word_1_228' title='bbox 1525 3530 1791 3615; x_wconf 87' lang='lat' dir='ltr'>adeptae</span> <span class='ocrx_word' id='word_1_229' title='bbox 1838 3537 2002 3598; x_wconf 89' lang='lat' dir='ltr'>sunt.</span> <span class='ocrx_word' id='word_1_230' title='bbox 2068 3531 2301 3608; x_wconf 85' lang='lat' dir='ltr'>Quodsi</span> <span class='ocrx_word' id='word_1_231' title='bbox 2345 3533 2513 3598; x_wconf 88' lang='lat' dir='ltr'>inter</span> <span class='ocrx_word' id='word_1_232' title='bbox 2556 3530 2931 3616; x_wconf 88' lang='lat' dir='ltr'>praeteritas</span> <span class='ocrx_word' id='word_1_233' title='bbox 2960 3531 3155 3596; x_wconf 87' lang='lat' dir='ltr'>Ame-</span> 
     </span>
     <span class='ocr_line' id='line_1_29' title="bbox 714 3644 3155 3716; baseline -0.001 -4"><span class='ocrx_word' id='word_1_234' title='bbox 714 3648 884 3714; x_wconf 89' lang='lat' dir='ltr'>ricae</span> <span class='ocrx_word' id='word_1_235' title='bbox 937 3646 1264 3712; x_wconf 88' lang='lat' dir='ltr'>Heluetiae</span> <span class='ocrx_word' id='word_1_236' title='bbox 1325 3644 1698 3711; x_wconf 88' lang='lat' dir='ltr'>Germaniae</span> <span class='ocrx_word' id='word_1_237' title='bbox 1755 3647 2143 3716; x_wconf 89' lang='lat' dir='ltr'>conditiones</span> <span class='ocrx_word' id='word_1_238' title='bbox 2210 3646 2620 3712; x_wconf 86' lang='lat' dir='ltr'>similitudine</span> <span class='ocrx_word' id='word_1_239' title='bbox 2685 3666 2724 3710; x_wconf 88' lang='lat' dir='ltr'>a</span> <span class='ocrx_word' id='word_1_240' title='bbox 2778 3645 2935 3711; x_wconf 90' lang='lat' dir='ltr'>uiris</span> <span class='ocrx_word' id='word_1_241' title='bbox 2998 3645 3155 3711; x_wconf 89' lang='lat' dir='ltr'>iuris</span> 
     </span>
     <span class='ocr_line' id='line_1_30' title="bbox 715 3760 3155 3848; baseline -0.002 -20"><span class='ocrx_word' id='word_1_242' title='bbox 715 3762 948 3848; x_wconf 88' lang='lat' dir='ltr'>publici</span> <span class='ocrx_word' id='word_1_243' title='bbox 1005 3761 1228 3846; x_wconf 89' lang='lat' dir='ltr'>peritis</span> <span class='ocrx_word' id='word_1_244' title='bbox 1295 3761 1581 3846; x_wconf 84' lang='lat' dir='ltr'>exposita</span> <span class='ocrx_word' id='word_1_245' title='bbox 1637 3780 1878 3826; x_wconf 90' lang='lat' dir='ltr'>meram</span> <span class='ocrx_word' id='word_1_246' title='bbox 1942 3762 2583 3844; x_wconf 86' lang='lat' dir='ltr'>confoederationem,</span> <span class='ocrx_word' id='word_1_247' title='bbox 2651 3780 2790 3826; x_wconf 88' lang='lat' dir='ltr'>cum</span> <span class='ocrx_word' id='word_1_248' title='bbox 2847 3760 3155 3846; x_wconf 89' lang='lat' dir='ltr'>pristinae</span> 
     </span>
     <span class='ocr_line' id='line_1_31' title="bbox 715 3876 3153 3959; baseline -0.002 -15"><span class='ocrx_word' id='word_1_249' title='bbox 715 3877 1190 3944; x_wconf 86' lang='lat' dir='ltr'>constitutiones</span> <span class='ocrx_word' id='word_1_250' title='bbox 1235 3877 1300 3942; x_wconf 92' lang='lat' dir='ltr'>in</span> <span class='ocrx_word' id='word_1_251' title='bbox 1347 3876 1682 3945; x_wconf 89' lang='lat' dir='ltr'>hodiernas</span> <span class='ocrx_word' id='word_1_252' title='bbox 1728 3882 2158 3959; x_wconf 87' lang='lat' dir='ltr'>mutarentur,</span> <span class='ocrx_word' id='word_1_253' title='bbox 2212 3878 2277 3944; x_wconf 90' lang='lat' dir='ltr'>in</span> <span class='ocrx_word' id='word_1_254' title='bbox 2324 3877 2545 3943; x_wconf 88' lang='lat' dir='ltr'>horum</span> <span class='ocrx_word' id='word_1_255' title='bbox 2593 3877 2782 3942; x_wconf 89' lang='lat' dir='ltr'>trium</span> <span class='ocrx_word' id='word_1_256' title='bbox 2830 3876 3153 3944; x_wconf 88' lang='lat' dir='ltr'>nominum</span> 
     </span>
     <span class='ocr_line' id='line_1_32' title="bbox 713 3990 3152 4078; baseline -0.001 -22"><span class='ocrx_word' id='word_1_257' title='bbox 713 3992 942 4058; x_wconf 89' lang='lat' dir='ltr'>finibus</span> <span class='ocrx_word' id='word_1_258' title='bbox 988 4012 1284 4075; x_wconf 87' lang='lat' dir='ltr'>regnasse</span> <span class='ocrx_word' id='word_1_259' title='bbox 1330 3997 1596 4076; x_wconf 88' lang='lat' dir='ltr'>constat,</span> <span class='ocrx_word' id='word_1_260' title='bbox 1643 3993 1859 4078; x_wconf 85' lang='lat' dir='ltr'>etiam,</span> <span class='ocrx_word' id='word_1_261' title='bbox 1906 4012 2067 4076; x_wconf 90' lang='lat' dir='ltr'>quae</span> <span class='ocrx_word' id='word_1_262' title='bbox 2112 4011 2279 4057; x_wconf 88' lang='lat' dir='ltr'>nunc</span> <span class='ocrx_word' id='word_1_263' title='bbox 2326 3997 2493 4074; x_wconf 89' lang='lat' dir='ltr'>sunt,</span> <span class='ocrx_word' id='word_1_264' title='bbox 2538 3991 2731 4056; x_wconf 87' lang='lat' dir='ltr'>trium</span> <span class='ocrx_word' id='word_1_265' title='bbox 2778 3990 3152 4076; x_wconf 89' lang='lat' dir='ltr'>populorum</span> 
     </span>
     <span class='ocr_line' id='line_1_33' title="bbox 715 4105 3152 4193; baseline -0.002 -19"><span class='ocrx_word' id='word_1_266' title='bbox 715 4110 1192 4175; x_wconf 88' lang='lat' dir='ltr'>constitutiones</span> <span class='ocrx_word' id='word_1_267' title='bbox 1236 4108 1452 4174; x_wconf 88' lang='lat' dir='ltr'>multis</span> <span class='ocrx_word' id='word_1_268' title='bbox 1499 4128 1577 4172; x_wconf 81' lang='lat' dir='ltr'>ex</span> <span class='ocrx_word' id='word_1_269' title='bbox 1626 4108 1911 4193; x_wconf 89' lang='lat' dir='ltr'>partibus</span> <span class='ocrx_word' id='word_1_270' title='bbox 1955 4109 2121 4172; x_wconf 86' lang='lat' dir='ltr'>inter</span> <span class='ocrx_word' id='word_1_271' title='bbox 2161 4127 2229 4172; x_wconf 91' lang='lat' dir='ltr'>se</span> <span class='ocrx_word' id='word_1_272' title='bbox 2259 4125 2623 4188; x_wconf 86' lang='lat' dir='ltr'>congruere,</span> <span class='ocrx_word' id='word_1_273' title='bbox 2669 4105 2735 4171; x_wconf 91' lang='lat' dir='ltr'>id</span> <span class='ocrx_word' id='word_1_274' title='bbox 2783 4105 2947 4190; x_wconf 90' lang='lat' dir='ltr'>quod</span> <span class='ocrx_word' id='word_1_275' title='bbox 2992 4107 3152 4175; x_wconf 89' lang='lat' dir='ltr'>iam-</span> 
     </span>
     <span class='ocr_line' id='line_1_34' title="bbox 713 4201 3153 4310; baseline -0.002 -22"><span class='ocrx_word' id='word_1_276' title='bbox 713 4225 842 4290; x_wconf 88' lang='lat' dir='ltr'>iam</span> <span class='ocrx_word' id='word_1_277' title='bbox 891 4245 1002 4310; x_wconf 87' lang='lat' dir='ltr'>per</span> <span class='ocrx_word' id='word_1_278' title='bbox 1044 4224 1202 4290; x_wconf 91' lang='lat' dir='ltr'>illud</span> <span class='ocrx_word' id='word_1_279' title='bbox 1248 4224 1462 4308; x_wconf 88' lang='lat' dir='ltr'>aequis</span> <span class='ocrx_word' id='word_1_280' title='bbox 1509 4223 1714 4289; x_wconf 85' lang='lat' dir='ltr'>causis</span> <span class='ocrx_word' id='word_1_281' title='bbox 1761 4243 1961 4306; x_wconf 89' lang='lat' dir='ltr'>aequa</span> <span class='ocrx_word' id='word_1_282' title='bbox 2006 4222 2170 4288; x_wconf 86' lang='lat' dir='ltr'>effici</span> <span class='ocrx_word' id='word_1_283' title='bbox 2215 4221 2536 4306; x_wconf 88' lang='lat' dir='ltr'>probabile</span> <span class='ocrx_word' id='word_1_284' title='bbox 2581 4201 2902 4304; x_wconf 85' lang='lat' dir='ltr'>uideatur,</span> <span class='ocrx_word' id='word_1_285' title='bbox 2955 4240 3153 4306; x_wconf 87' lang='lat' dir='ltr'>appa-</span> 
     </span>
     <span class='ocr_line' id='line_1_35' title="bbox 713 4335 3153 4420; baseline -0.003 -14"><span class='ocrx_word' id='word_1_286' title='bbox 713 4340 895 4412; x_wconf 88' lang='lat' dir='ltr'>rebit.</span> <span class='ocrx_word' id='word_1_287' title='bbox 987 4339 1358 4409; x_wconf 87' lang='lat' dir='ltr'>Nouationis</span> <span class='ocrx_word' id='word_1_288' title='bbox 1405 4359 1629 4404; x_wconf 89' lang='lat' dir='ltr'>causae</span> <span class='ocrx_word' id='word_1_289' title='bbox 1675 4339 1742 4402; x_wconf 89' lang='lat' dir='ltr'>in</span> <span class='ocrx_word' id='word_1_290' title='bbox 1787 4339 1990 4404; x_wconf 90' lang='lat' dir='ltr'>tribus</span> <span class='ocrx_word' id='word_1_291' title='bbox 2037 4338 2135 4403; x_wconf 91' lang='lat' dir='ltr'>his</span> <span class='ocrx_word' id='word_1_292' title='bbox 2182 4337 2368 4402; x_wconf 90' lang='lat' dir='ltr'>terris</span> <span class='ocrx_word' id='word_1_293' title='bbox 2416 4355 2648 4420; x_wconf 89' lang='lat' dir='ltr'>aequae</span> <span class='ocrx_word' id='word_1_294' title='bbox 2694 4336 2977 4401; x_wconf 85' lang='lat' dir='ltr'>fuerunt:</span> <span class='ocrx_word' id='word_1_295' title='bbox 3032 4335 3153 4400; x_wconf 89' lang='lat' dir='ltr'>sci-</span> 
     </span>
    </p>
   </div>
   <div class='ocr_carea' id='block_1_5' title="bbox 3552 4 3559 4530">
    <p class='ocr_par' dir='ltr' id='par_1_6' title="bbox 3552 4 3559 4530">
     <span class='ocr_line' id='line_1_36' title="bbox 3552 4 3559 4530; baseline 0 0"><span class='ocrx_word' id='word_1_296' title='bbox 3552 4 3559 4530; x_wconf 95' lang='lat' dir='ltr'> </span> 
     </span>
    </p>
   </div>
   <div class='ocr_carea' id='block_1_6' title="bbox 713 4451 3277 4537">
    <p class='ocr_par' dir='ltr' id='par_1_7' title="bbox 713 4451 3277 4537">
     <span class='ocr_line' id='line_1_37' title="bbox 713 4451 3277 4537; baseline -0.004 -15"><span class='ocrx_word' id='word_1_297' title='bbox 713 4457 860 4522; x_wconf 89' lang='lat' dir='ltr'>licet</span> <span class='ocrx_word' id='word_1_298' title='bbox 903 4455 1488 4536; x_wconf 85' lang='lat' dir='ltr'>confoederationis,</span> <span class='ocrx_word' id='word_1_299' title='bbox 1534 4471 1692 4537; x_wconf 89' lang='lat' dir='ltr'>quae</span> <span class='ocrx_word' id='word_1_300' title='bbox 1735 4451 1943 4518; x_wconf 83' lang='lat' dir='ltr'>laxius</span> <span class='ocrx_word' id='word_1_301' title='bbox 1988 4452 2131 4535; x_wconf 88' lang='lat' dir='ltr'>fuit,</span> <span class='ocrx_word' id='word_1_302' title='bbox 2179 4451 2510 4537; x_wconf 88' lang='lat' dir='ltr'>quominus</span> <span class='ocrx_word' id='word_1_303' title='bbox 2544 4451 2721 4518; x_wconf 88' lang='lat' dir='ltr'>uaria</span> <span class='ocrx_word' id='word_1_304' title='bbox 2751 4451 3155 4516; x_wconf 90' lang='lat' dir='ltr'>imminerent</span> <span class='ocrx_word' id='word_1_305' title='bbox 3258 4506 3277 4510; x_wconf 81' lang='grc'>-</span> 
     </span>
    </p>
   </div>
   <div class='ocr_carea' id='block_1_7' title="bbox 711 4565 3152 4658">
    <p class='ocr_par' dir='ltr' id='par_1_8' title="bbox 711 4565 3152 4658">
     <span class='ocr_line' id='line_1_38' title="bbox 711 4565 3152 4658; baseline -0.004 -20"><span class='ocrx_word' id='word_1_306' title='bbox 711 4571 994 4658; x_wconf 89' lang='lat' dir='ltr'>pericula</span> <span class='ocrx_word' id='word_1_307' title='bbox 1022 4568 1596 4650; x_wconf 86' lang='lat' dir='ltr'>communitatibus,</span> <span class='ocrx_word' id='word_1_308' title='bbox 1626 4567 1897 4633; x_wconf 87' lang='lat' dir='ltr'>foederis</span> <span class='ocrx_word' id='word_1_309' title='bbox 1928 4587 2147 4652; x_wconf 89' lang='lat' dir='ltr'>genus,</span> <span class='ocrx_word' id='word_1_310' title='bbox 2178 4567 2587 4634; x_wconf 88' lang='lat' dir='ltr'>calamitates.</span> <span class='ocrx_word' id='word_1_311' title='bbox 2656 4566 2901 4652; x_wconf 77' lang='lat' dir='ltr'>Quippe</span> <span class='ocrx_word' id='word_1_312' title='bbox 2934 4565 3152 4631; x_wconf 91' lang='lat' dir='ltr'>eadem</span> 
     </span>
    </p>
   </div>
  </div>
 </body>
</html>
