3559 5175
1587 376 1672 440 39

409 556 577 621 tibus
625 553 1070 620 classificandis
1118 553 1366 634 regulas
1415 554 1736 637 sequimur
1782 554 1846 618 in
1896 554 2102 639 prima
2149 554 2354 638 specie
2401 574 2627 640 nempe
2660 554 2851 619 Ame-

410 670 626 736 ricana
671 664 1227 737 aristocraticum⁶⁸
1275 676 1338 735 et
1385 670 1866 737 democraticum
1962 690 1975 716 ν

335 770 344 781 ’
634 788 698 852 in
747 788 1019 853 secunda
1065 787 1548 853 democraticum

632 909 690 968 in
740 905 926 969 tertia
970 903 1432 969 monarchicum
1468 903 1844 969 elementum
1879 903 2245 989 praeualere
2280 904 2581 987 dic-amus,
2625 904 2856 971 rectius

837 1040 986 1085 uero
1034 1020 1225 1085 etiam

632 1138 874 1222 primae
1010 1136 1965 1202 monarchioo-aristocraticum
2015 1141 2079 1201 et
2124 1136 2609 1202 democraticum

632 1253 940 1319 secundae
1005 1252 1432 1319 aristocratico
1445 1291 1472 1302 -
1490 1253 1976 1319 democraticum

631 1371 852 1435 tertiae
1010 1370 1471 1435 monarchicum
1524 1376 1585 1435 et
1631 1364 2661 1435 aristocratico-democraticum⁶⁴

410 1485 781 1571 praeualens
826 1487 1032 1552 inesse
1080 1485 1388 1571 ponimus,

588 1661 626 1746 ᾗ
670 1665 773 1755 39.
863 1664 1075 1731 Etiam
1135 1685 1248 1750 per
1306 1664 1602 1747 fungendi
1651 1683 1774 1728 non
1826 1662 2025 1728 solum
2075 1683 2190 1748 per
2237 1661 2435 1727 statfis
2490 1662 2796 1727 rationem
2813 1658 2857 1691 ⁶⁵
2907 1678 2915 1685 ·

411 1781 476 1845 in
525 1769 863 1847 Germania
909 1782 1260 1847 communis
1319 1786 1595 1866 potestas
1651 1780 1876 1845 fortior
1932 1799 2116 1863 quam
2178 1780 2241 1843 in
2289 1778 2583 1843 America
2626 1778 2857 1844 Helue-

410 1898 536 1963 tiae
583 1898 852 1963 uidetur.
946 1898 1155 1981 Atque
1203 1899 1267 1962 in
1314 1896 2033 1983 Imperio-foederatiua
2079 1896 2333 1961 ciuitate
2381 1900 2597 1959 nostra
2644 1896 2857 1977 singu-

410 2013 611 2078 larum
661 2014 984 2079 ciuitatum
1036 2014 1341 2078 ministris
1390 2014 1532 2104 plus
1581 2015 1780 2078 utitur
1813 2033 1995 2098 quam
2037 2013 2099 2077 in
2132 2012 2421 2077 Heluetia
2468 2012 2534 2075 in
2565 2011 2861 2077 Heluetia

410 2129 552 2214 plus
599 2150 783 2214 quam
845 2131 909 2194 in
957 2130 1250 2195 America
1309 2130 1533 2195 ciuitas
1593 2129 1883 2195 discreta.
1977 2128 2069 2195 Ob
2128 2128 2283 2193 iuris
2342 2128 2856 2213 perspicuitatem

409 2246 525 2310 hoc
593 2266 788 2332 aeque
857 2245 956 2311 uel
1031 2245 1412 2310 laudandum
1487 2251 1672 2331 atque
1743 2246 1819 2311 ob
1858 2234 2249 2311 utilitatem.
2359 2244 2587 2310 Stricte
2657 2249 2725 2309 ut
2792 2244 2858 2308 in

409 2361 734 2429 Atlantide
791 2363 957 2448 apud
1018 2362 1384 2428 Suitensens
1441 2382 1606 2428 nunc
1666 2383 1776 2448 per
1836 2361 2095 2427 Sacrum
2156 2360 2495 2447 Imperium
2555 2361 2857 2427 discerni-

408 2484 512 2543 tur
581 2499 738 2563 quae
805 2479 1054 2564 publica
1126 2499 1240 2564 per
1297 2479 1731 2545 auctoritatem
1793 2479 2128 2545 centralem
2195 2478 2435 2561 agenda
2505 2479 2632 2543 sint
2701 2499 2858 2563 quae

411 2596 672 2677 singulis
757 2597 1116 2663 ciuitatibus
1199 2591 1570 2662 maneant⁵⁶.
1689 2595 1908 2680 Itaque
1991 2596 2080 2661 nil
2168 2596 2506 2678 derogatur
2596 2594 2664 2660 C.
2735 2594 2857 2660 Po-

409 2714 656 2797 testati,
722 2733 862 2780 cum
923 2733 1082 2799 quae
1140 2733 1288 2779 suae
1344 2718 1492 2779 sunt
1547 2712 1853 2798 sphaerae
1914 2713 2311 2797 exsequenda
2368 2711 2431 2776 S.
2480 2711 2857 2779 Ciuitatibus

410 2827 621 2894 tradit.

586 2998 761 3083 §4st
841 3000 1139 3077 Quamuis
1174 3022 1251 3066 ex
1301 2999 1514 3065 multis
1562 2999 1850 3085 partibus
1883 2997 2319 3084 differentes⁵⁷,
2368 3000 2614 3066 ciuilem
2668 3021 2858 3086 super

409 3122 540 3182 toto
597 3117 914 3183 territorio
976 3117 1052 3182 ad
1101 3117 1572 3200 gubernandum
1634 3117 1988 3210 institutam
2041 3121 2413 3202 potestatem
2463 3136 2854 3183 communem

409 3234 639 3300 habent
705 3254 900 3319 aeque
958 3238 1087 3299 tres
1142 3235 1208 3300 in
1267 3236 1524 3300 ciuitate
1583 3233 1854 3299 discreta
1910 3253 2069 3317 quae
2129 3234 2535 3298 inueniuntur
2591 3235 2856 3320 species,

409 3351 498 3415 ita
548 3355 645 3432 ut,
695 3370 857 3433 cum,
908 3370 1066 3434 quae
1117 3347 1555 3435 „uirtualiter“
1607 3350 1819 3414 omnia
1866 3369 2050 3431 agere
2098 3351 2331 3435 possit,
2392 3350 2594 3416 ciuilis
2642 3356 2856 3418 aucto-

408 3467 565 3532 ritas
613 3468 718 3550 sit,
767 3467 978 3532 omnia
1025 3473 1231 3532 autem
1282 3489 1360 3532 ex
1406 3467 1676 3532 foederis
1725 3466 2081 3532 conditione
2128 3468 2378 3532 nouiter
2410 3471 2549 3532 orta
2580 3468 2855 3535 ciuitatis

407 3582 547 3647 iura
594 3602 674 3647 an
720 3584 1069 3648 communis
1119 3584 1450 3668 potestatis
1496 3603 1576 3648 an
1623 3583 2010 3664 singularum
2057 3584 2384 3649 ciuitatum
2422 3605 2555 3650 esse
2589 3585 2856 3651 debeant

408 3719 522 3785 per
567 3701 742 3785 prius
789 3695 1210 3786 occupantis⁵⁸
1259 3701 1830 3785 praesumptionem
1889 3701 2302 3786 disceptetur,
2356 3701 2537 3766 huius
2585 3703 2854 3767 recentis

409 3817 832 3900 auctoritatis,
889 3836 1266 3902 quamquam
1328 3822 1545 3881 contra
1602 3817 1880 3899 singulas
1938 3817 2223 3882 ciuitates
2283 3818 2469 3882 certis
2528 3823 2674 3883 sunt
2730 3819 2851 3884 cir-

407 3933 772 4018 cumscripti
827 3931 1089 4016 finibuS,
1146 3938 1366 3998 contra
1421 3933 1783 3999 societatem
1845 3932 2091 3998 infinita
2136 3932 2470 3998 uideantur
2515 3933 2675 4000 iura.
2767 3935 2852 4000 Et

407 4050 471 4114 in
519 4046 856 4114 Germania
903 4049 1150 4133 quidem
1201 4054 1419 4114 contra
1467 4048 1745 4131 singulas
1795 4051 2085 4116 ciuitates
2145 4069 2391 4134 quoque
2438 4050 2709 4136 amplior
2756 4057 2852 4116 est

408 4166 755 4230 communis
805 4167 1131 4250 potestatis
1181 4165 1445 4251 sphaera
1493 4166 1902 4248 gubernandi.
1998 4165 2081 4231 Vt
2126 4171 2334 4232 autem
2393 4165 2496 4232 hic
2542 4172 2709 4233 recte
2755 4168 2850 4232 in·-

407 4282 652 4364 telligas
702 4282 974 4366 primum
1022 4282 1172 4364 quid
1221 4282 1315 4346 sid
1363 4283 1710 4348 communis
1759 4289 2035 4367 potestas
2083 4283 2519 4368 exponendum
2550 4283 2846 4364 habeam3

407 4405 617 4463 tamen
676 4397 820 4462 huic
867 4398 1057 4483 capiti
1117 4418 1378 4463 acumen
1436 4399 1524 4462 ita
1570 4399 1893 4485 imponere
1951 4418 2205 4482 possum
2267 4404 2339 4463 ut
2387 4400 2438 4463 si
2486 4400 2547 4463 in
2607 4399 2849 4464 ratione

409 4518 606 4581 status
653 4535 767 4600 per
814 4514 1142 4579 arctiorem
1204 4535 1282 4579 an
1342 4515 1549 4579 'minus
1598 4515 1927 4579 arctiorem
1988 4534 2064 4579 ex
2111 4515 2473 4580 ciuitatibus
2520 4516 2847 4598 organiza-

407 4632 640 4697 tionem
689 4631 1016 4717 potestatis
1064 4631 1411 4696 communis
1459 4637 1585 4696 tres
1633 4631 1698 4696 in
1737 4629 1805 4695 C.
1840 4630 1917 4696 D.
1967 4651 2195 4714 genere
2244 4632 2495 4720 species*
2532 4630 2849 4718 differunt,
