3559 5175
1631 364 1714 429 37

454 534 867 619 gerendarum
930 543 1248 618 creantur3
1309 540 1371 604 in
1433 539 1768 607 Germania
1829 549 2166 629 perpetuus
2224 545 2635 612 hereditarius
2690 553 2894 613 rector

453 653 801 717 communis
847 653 1090 737 legibus
1137 657 1317 723 annis
1369 658 1538 723 1867
1587 664 1650 724 et
1703 658 2091 745 187os1871
2144 680 2183 725 a
2231 661 2618 744 singularum
2668 664 2893 729 ciuita-

452 774 582 833 tum
658 772 1069 855 potestatibus
1138 778 1200 837 et
1267 794 1304 838 a
1371 775 1631 841 concilio
1689 776 1979 861 populari
2048 779 2364 843 communi
2433 780 2500 845 in
2568 784 2889 846 aeternum

452 886 778 953 institutus
837 894 950 953 est.
1047 888 1168 955 Sed
1227 890 1371 956 huic
1427 893 1632 977 primo
1689 894 1894 981 ordini
1957 914 2153 979 aeque
2212 895 2375 980 apud
2440 901 2569 961 tres
2630 893 2895 982 populos

453 1000 928 1089 gubernandi⁴⁹,
976 1006 1039 1071 id
1088 1012 1186 1072 est
1230 1008 1303 1072 in
1353 1009 1684 1076 ciuitate
1729 1011 2013 1095 prima,
2062 1011 2137 1075 ad
2186 1031 2370 1095 quam
2407 1012 2616 1078 omnia
2646 1013 2897 1097 publica

453 1120 832 1205 referuntur,
878 1122 1136 1207 functio,
1183 1126 1470 1208 quamuis
1517 1126 1580 1190 in
1631 1128 1979 1210 quantitate
2026 1127 2202 1193 uaria
2250 1134 2312 1193 et
2357 1150 2470 1214 per
2513 1135 2753 1195 ceteros
2795 1151 2895 1196 or-

454 1236 632 1303 dines
678 1239 742 1302 in
790 1240 1105 1304 communi
1153 1246 1462 1325 potestate
1509 1247 1572 1307 et
1619 1263 1732 1327 per
1778 1244 2164 1326 singularum
2227 1246 2550 1313 ciuitatum
2601 1217 2897 1312 maiesta-

453 1358 582 1419 tem
641 1356 953 1421 residuam
1012 1358 1338 1441 restricta,
1395 1364 1606 1424 tamen
1657 1360 1720 1423 in
1770 1360 2072 1444 qualitate
2122 1343 2734 1445 eadem,'attributa
2782 1369 2895 1429 est.

453 1468 807 1537 Concursus
855 1474 933 1538 ad
981 1494 1081 1539 res
1130 1474 1657 1541 administrandas
1687 1482 2064 1543 ‘senatorum
2115 1478 2217 1561 qui
2266 1479 2330 1542 in
2380 1478 2672 1544 America
2718 1480 2896 1545 inue-

453 1587 624 1652 nitur
680 1608 795 1673 per
852 1590 1327 1656 similitudinem
1391 1592 1660 1678 aliquam
1713 1590 2168 1659 Germanorum
2233 1596 2298 1659 in
2344 1594 2732 1680 Imperatore
2791 1597 2896 1679 qui

454 1703 855 1771 administrat
934 1727 1047 1791 per
1119 1705 1464 1773 Concilium
1531 1707 1827 1774 Foederis
1897 1712 2164 1776 coercito
2235 1712 2571 1777 inuenitur.
2656 1712 2899 1796 Vbique

454 1821 618 1885 enim
679 1843 791 1907 per
851 1823 1013 1888 hunc
1068 1825 1340 1909 primum
1406 1824 1686 1891 ordinem
1747 1827 2095 1891 communis
2154 1828 2451 1893 maiestas
2510 1848 2728 1894 recens
2788 1829 2897 1893 ad-

452 1958 672 2004 uersus
721 1946 969 2005 exteros
1014 1946 1544 2035 repraesentatur,
1592 1962 1740 2024 erga
1787 1943 1957 2008 ciues
2005 1949 2351 2009 exercetur.

630 2055 819 2138 §36.
913 2056 1049 2121 Non
1124 2079 1313 2143 super
1383 2058 1756 2135 ciuitatibus·
1810 2060 1873 2124 in
1944 2061 2198 2127 ciuitate
2267 2062 2537 2127 discreta
2607 2063 2891 2147 singulis,

453 2173 677 2256 quibus
736 2174 1032 2239 maiestas
1089 2175 1150 2239 in
1210 2176 1464 2261 proprio
1523 2176 1760 2241 ambitu
1820 2185 2212 2261 reseruatur,
2270 2187 2478 2244 tamen
2539 2200 2727 2263 super
2771 2181 2897 2246 illis

453 2289 838 2371 singularum
889 2290 1214 2355 ciuitatum
1264 2291 1686 2359 functionibus
1735 2314 1895 2377 quae
1944 2296 2293 2360 communis
2328 2296 2482 2360 iuris
2514 2296 2717 2361 factae
2751 2305 2897 2362 sunt

451 2406 613 2472 hanc
682 2426 1070 2472 communem
1144 2404 1535 2473 maiestatem
1609 2429 1805 2493 aeque
1875 2412 1937 2476 in
2010 2412 2209 2478 tribus
2282 2413 2467 2477 terris
2527 2414 2801 2478 exerceri
2860 2436 2896 2479 a

452 2524 656 2610 primo
724 2523 940 2590 ordine
1009 2525 1226 2609 utique
1296 2525 1548 2611 probari
1619 2524 1908 2612 potest⁶⁰.
2003 2527 2270 2596 Fiebant
2336 2530 2501 2595 enim
2572 2529 2636 2594 in
2694 2529 2895 2598 tribus

453 2641 637 2708 terris
696 2662 906 2707 rerum
968 2642 1406 2708 conuersiones
1467 2649 1616 2708 tunc
1673 2665 1822 2709 cum·
1872 2646 2155 2727 singulae
2214 2647 2502 2711 ciuitates
2549 2647 2897 2714 maiestatis

453 2765 719 2844 partem,
765 2759 856 2823 ita
902 2763 972 2824 ut
1019 2759 1216 2824 altera
1261 2760 1419 2845 ipsis
1451 2779 1598 2844 pars
1630 2767 1920 2845 restaret,
1968 2763 2033 2826 in
2081 2782 2474 2828 communem
2522 2767 2895 2848 potestatem

453 2876 874 2944 conferebant.
954 2876 1129 2954 Quod
1180 2877 1301 2942 nisi
1349 2884 1814 2962 agnosceretur,
1862 2878 1951 2942 nil
1999 2879 2331 2945 interesset
2377 2880 2541 2945 inter
2588 2881 2897 2962 regimina

453 3015 612 3080 quae
657 2969 824 3059 nunc
871 3000 1017 3060 sunt
1063 2999 1125 3060 et
1172 2994 1412 3079 priores
1461 2994 2035 3060 confoederationes
2084 2997 2144 3060 in
2196 2996 2419 3079 quibus
2476 2995 2758 3078 singulae
2805 2996 2893 3062 ci·

455 3112 682 3178 uitates
729 3116 922 3176 totam
974 3111 1288 3196 expressis
1337 3111 1544 3176 uerbis
1587 3111 1977 3178 retinuerant
2008 3112 2419 3196 maiestatem,
2468 3113 2799 3197 perpaucis
2830 3113 2896 3178 in

451 3229 638 3295 rebus
667 3209 952 3293 inuicem
1003 3248 1069 3293 se
1103 3227 1586 3310 restringenteS,
1635 3248 1897 3311 quarum
1933 3229 2341 3314 dispositione
2372 3228 2569 3294 libera
2601 3229 2895 3314 adempta

453 3347 747 3411 maiestas
819 3344 1204 3427 singularum
1277 3345 1607 3409 ciuitatum
1665 3365 1790 3410 non
1852 3345 2211 3411 arctabatur
2278 3365 2496 3410 uerum
2570 3345 2769 3410 solum
2828 3347 2891 3410 in

453 3483 780 3528 commune
839 3460 916 3526 ab
977 3461 1264 3527 omnibus
1323 3462 1600 3528 exerceri
1657 3461 1778 3528 dici
1839 3467 2104 3547 poterat.
2199 3459 2495 3526 Maiestas
2542 3462 2890 3526 communis

453 3600 576 3644 non
623 3585 760 3644 erat
815 3580 880 3644 in
928 3577 1219 3644 America
1279 3584 1422 3644 ante
1470 3599 1699 3644 annum
1756 3580 1959 3662 1789,
2018 3580 2085 3644 in
2131 3578 2421 3644 Heluetia
2468 3583 2612 3642 ante
2658 3599 2889 3643 annum

457 3693 739 3780 „1848“‚
794 3696 858 3760 in
915 3693 1251 3761 Germania
1312 3699 1456 3760 ante
1515 3714 1710 3759 annos
1774 3695 1980 3779 1867,
2048 3696 2233 3760 1871.
2329 3693 2505 3771 Quod
2550 3692 2697 3760 Brie
2744 3713 2882 3759 cum

453 3812 926 3878 similitudinem
976 3811 1070 3877 cf.
1105 3817 1166 3877 et
1213 3810 1276 3877 O.
1315 3811 1394 3876 D.
1431 3810 1668 3877 inducit
1715 3811 1996 3894 negligit.
2070 3810 2633 3877 Constitutionibus
2681 3816 2889 3876 autem

450 3929 585 3995 loco
659 3930 1053 4013 antiquorum
1125 3934 1446 4014 pactorum
1516 3928 1738 4013 positis
1809 3947 1949 3993 cum
2024 3947 2183 4012 quae
2240 3926 2487 4013 publica
2549 3947 2661 4011 per
2720 3946 2889 3991 com-

451 4067 702 4112 munem
763 4051 1133 4131 potestatem
1195 4045 1599 4128 gubernanda
1657 4045 1815 4128 sint,
1873 4058 2031 4128 qu'ae
2086 4065 2200 4130 per
2258 4043 2535 4127 singulas
2580 4044 2892 4128 ciuitateS,

451 4184 565 4249 per
615 4159 1127 4248 „sphaerarum“
1175 4162 1348 4227 illam
1398 4162 1766 4227 diuisionem
1818 4162 2240 4244 discernatur,
2299 4161 2446 4245 quia
2492 4160 2891 4242 gubernatio-

451 4282 552 4347 nis
599 4281 734 4346 sine
781 4279 1128 4346 maiestatis
1177 4280 1430 4345 notione
1476 4279 1648 4344 notio
1697 4279 1967 4344 existere
2028 4293 2149 4342 non
2199 4282 2407 4363 potest
2452 4297 2615 4342 noua
2664 4277 2887 4343 ciuitas

451 4399 778 4465 maiestate
825 4396 1057 4462 recenti
1105 4396 1390 4481 praedita
1437 4401 1572 4462 orte
1620 4400 1734 4462 est.
1828 4395 1913 4460 Et
1956 4414 2153 4480 paene
2200 4394 2266 4458 in
2315 4394 2570 4459 eandem
2621 4395 2889 4483 sormam

451 4535 528 4580 ex
587 4515 812 4599 quibus
871 4533 1098 4578 nouam
1163 4513 1552 4577 maiestatem
1613 4518 1886 4578 creatam
1949 4517 2395 4600 esseapparet
2440 4517 2651 4599 partes
2699 4511 2888 4580 trium

451 4631 961 4697 constitutionum
1013 4635 1158 4694 sunt
1204 4606 1510 4694 redactae.
