3559 5175
1980 308 2065 373 14

1241 552 1392 611 De
1464 550 1991 626 Singulis
2062 548 2788 611 Ciuitatibus.

1750 658 1942 728 Caput
1978 658 2291 734 Quartum.

844 769 885 822 1.
941 768 1026 821 De
1063 766 1367 820 maiestatis
1405 747 1614 819 iuribus
1652 766 1798 835 apud
1837 766 2083 835 singulas
2120 767 2374 820 ciuitates
2410 765 2755 834 generaliter.

1006 868 1036 928 5
1063 864 1148 918 73.
1204 862 1294 918 An
1331 862 1534 932 duplex
1571 879 1694 918 esse
1730 864 1908 933 possit
1944 864 2221 919 maiestas.

1004 966 1035 1025 5
1063 962 1150 1015 74.
1204 961 1371 1016 Error
1419 960 1759 1016 maiestatem
1810 961 1940 1031 quid
1978 976 2102 1016 esse
2150 960 2404 1015 absoluti.
2470 960 2639 1015 Plena
2674 958 2746 1013 ab
2782 956 3027 1028 plenaria
3063 957 3256 1012 differt

1206 1058 1483 1113 maiestas.

1005 1160 1036 1223 5
1064 1155 1149 1210 75.
1205 1155 1464 1209 Maiestas
1501 1156 1674 1210 solum
1714 1156 1945 1210 relatiua
1980 1155 2211 1225 cogitari
2246 1160 2447 1225 potest.

1003 1230 1033 1316 5
1061 1254 1146 1307 76.
1204 1253 1266 1306 In
1303 1253 1528 1307 ciuitate
1565 1252 1805 1308 discreta
1840 1253 2175 1322 singularum
2202 1253 2487 1307 ciuitatum
2527 1250 2641 1306 fere
2667 1257 2754 1306 est
2780 1251 3037 1305 maiestas
3064 1250 3257 1319 aliqua

1204 1353 1430 1404 externa
1467 1365 1607 1417 quae
1644 1365 1862 1420 semper
1897 1351 2162 1406 restricta.

815 1449 882 1502 11.
939 1448 1020 1501 De
1059 1447 1254 1501 iurium
1292 1446 1484 1501 horum
1522 1446 1749 1501 historia
1786 1448 1968 1516 quoad
2007 1462 2205 1503 nomen
2242 1448 2565 1501 maiestatis:

1004 1548 1034 1608 5
1062 1544 1147 1598 77.
1205 1544 1268 1597 In
1305 1542 1617 1599 foederibus
1655 1544 1726 1598 ad
1764 1548 1999 1613 tempus.

1006 1646 1035 1705 5
1064 1642 1148 1695 78.
1207 1640 1270 1694 In
1306 1639 1620 1695 foederibus
1656 1642 1955 1711 perpetuis.

1005 1742 1038 1803 5
1063 1738 1150 1792 79.
1204 1736 1432 1793 Achaei.

1003 1840 1033 1901 5
1059 1836 1146 1889 80.
1203 1836 1418 1889 Bataui.

1006 1938 1035 1997 5
1061 1934 1148 1987 81.
1205 1932 1534 1986 Americani.

1005 2035 1035 2096 5
1062 2031 1148 2085 82.
1207 2028 1507 2084 Suitenses.

1005 2132 1035 2193 5
1061 2128 1148 2182 83.
1205 2126 1479 2182 Germani.

794 2226 889 2280 111.
946 2225 1245 2280 ciuitatum
1285 2224 1621 2292 singularum
1659 2223 1881 2279 residua
1916 2229 2003 2278 est
2038 2224 2315 2279 maiestas.

1007 2327 1036 2386 5
1063 2322 1148 2376 84.
1204 2321 1462 2376 Maiestas
1499 2321 1720 2376 residua
1756 2320 1997 2375 dominio
2036 2322 2296 2375 seruienti
2334 2322 2721 2391 comparanda.

1006 2423 1036 2483 5
1061 2420 1148 2474 85.
1203 2420 1307 2472 Pro
1344 2418 1576 2488 sphaera
1611 2418 1895 2473 reseruata
1932 2424 2107 2473 totum
2144 2419 2331 2473 libera.

1006 2520 1036 2581 5
1063 2517 1149 2570 86.
1205 2514 1484 2585 Sphaerae
1521 2517 1754 2587 amplius
1795 2516 2160 2571 reseruandae
2197 2517 2528 2587 praesidium
2568 2517 2623 2570 in
2660 2532 2948 2571 concursu.

1007 2619 1037 2678 5
1066 2616 1152 2668 87.
1210 2615 1462 2670 Precaria
1499 2631 1608 2669 non
1644 2621 1729 2670 est
1765 2615 2041 2670 maiestas.

1006 2716 1036 2777 5
1062 2713 1149 2766 88.
1205 2712 1486 2767 Plenarius
1533 2717 1620 2767 est
1665 2713 1861 2768 modus
1908 2712 2249 2782 gubernandi
2297 2713 2399 2768 etsi
2445 2727 2533 2767 res
2577 2712 2828 2768 obiectae
2874 2711 3252 2784 gubernatrici

1208 2811 1471 2879 potestati
1507 2827 1616 2865 non
1655 2825 1873 2880 semper
1910 2816 2053 2865 sunt.
2771 2810 2779 2823 '

1007 2911 1040 2972 5
1062 2908 1148 2962 89.
1205 2907 1544 2963 Concurrens
1581 2909 1967 2979 competentia.

797 3005 889 3062 lV.
944 3005 1030 3059 De
1064 3005 1317 3060 residuae
1354 3022 1488 3076 erga
1524 3022 1723 3061 nouam
1762 3006 2091 3061 conditione.

1008 3107 1038 3167 5
1064 3104 1149 3158 90.
1207 3104 1388 3159 Etiam
1425 3120 1548 3159 cum
1591 3104 1864 3174 „dominio
1901 3103 2170 3158 inferiori“
2212 3104 2463 3174 componi
2499 3106 2685 3173 potest
2727 3103 2861 3157 haec
2896 3103 3173 3157 maiestas.

1007 3205 1038 3264 5
1063 3202 1150 3256 91.
1204 3199 1448 3256 Aeterna
1483 3201 1780 3256 uinculatio
1819 3209 2042 3256 aeterna
2079 3203 2381 3257 maiestatis
2420 3201 2821 3270 („guarantia“)
2858 3201 3175 3270 praestatio.

1008 3301 1038 3361 5
1063 3299 1148 3353 92.
1205 3299 1466 3352 Maiestas
1503 3299 1558 3352 in
1594 3299 1881 3354 Heluetiae
1918 3300 2305 3355 constitutione
2342 3300 2620 3370 inscripta.

1009 3399 1039 3459 5
1065 3396 1151 3449 93.
1208 3395 1271 3449 In
1307 3394 1603 3450 Germania
1640 3396 1895 3451 America
1930 3397 2014 3452 ius
2052 3397 2365 3467 positiuum.

1009 3495 1040 3556 5
1065 3492 1152 3546 94.
1207 3492 1489 3547 Plenariae
1525 3498 1654 3548 sunt
1689 3509 2018 3564 quamquam
2059 3509 2166 3550 non
2199 3495 2395 3564 plenae
2431 3494 2573 3549 duae
2610 3494 2942 3549 maiestates.

963 3738 1114 3797 De
1184 3736 1886 3802 Ciuitatibus
1955 3739 2063 3800 in
2130 3741 2391 3802 Iure
2461 3738 3078 3804 stantibus,

1754 3849 1948 3921 eaput
1984 3851 2288 3927 qulntmn.

852 3952 894 4006 1.
951 3953 1037 4006 Ex
1075 3954 1376 4009 communis
1413 3955 1708 4013 Potestatis
1743 3958 1954 4013 iuribus
1991 3958 2060 4012 de
2097 3958 2215 4013 foro
2252 3957 2549 4012 dubitatur.

1011 4054 1042 4114 5
1067 4050 1152 4105 95.
1208 4050 1415 4108 Statice
1451 4069 1560 4110 non
1595 4054 1887 4127 dynamice
1923 4056 2065 4111 duae
2104 4057 2418 4111 maiestates
2454 4069 2517 4109 se
2552 4059 2791 4124 aequant
2824 4053 3077 4108 inuicem.

1010 4151 1042 4212 5
1066 4148 1154 4202 96.
1206 4149 1269 4205 In
1305 4151 1438 4206 iuris
1475 4152 1697 4208 dicundi
1733 4155 1915 4210 modo.

1011 4249 1042 4309 5
1068 4245 1154 4300 97.
1210 4247 1273 4302 In
1307 4248 1440 4304 iuris
1477 4249 1700 4306 dicundi
1736 4252 1984 4307 obiectis.

1012 4345 1042 4407 5
1066 4343 1152 4398 98.
1208 4345 1423 4400 Primae
1476 4349 1778 4404 maiestatis
1834 4349 1891 4403 in
1938 4347 2172 4417 sphaera
2216 4348 2435 4418 propria
2487 4348 2544 4403 in
2596 4364 2760 4419 quam
2815 4347 3099 4403 ciuitatum
3157 4364 3254 4404 res

1211 4457 1388 4511 paene
1426 4458 1534 4499 non
1570 4443 1776 4499 cadunt
1811 4445 2131 4501 iurisdictio.

1010 4542 1041 4602 5
1064 4538 1150 4592 99.
1203 4539 1377 4594 Extra
1410 4539 1551 4596 hanc
1586 4541 1873 4612 sphaeram
1911 4544 2060 4598 nulla
2094 4543 2414 4600 iurisdictio.
