3559 5175
1561 347 1648 411 45

565 519 612 553 ⁴⁶
649 518 984 587 Rflttimann,
1023 518 1204 575 Ueber
1240 520 1329 575 die
1367 524 1470 575 etc.
1498 522 1684 590 Progr.
1715 520 1812 575 des
1850 521 1993 590 eidg.
2022 521 2523 592 PolytechnikumS,
2568 521 2826 591 1862s63,

379 630 438 683 p.
465 616 562 671 III.

563 714 607 747 ⁴⁷
647 713 802 779 Quod
830 716 992 769 etiam
1020 716 1212 784 Hanel,
1240 715 1484 785 Studien,
1511 733 1565 786 p.
1592 717 1722 771 268:
1751 718 1915 771 talem
1942 717 2282 787 diuisionem,
2307 722 2597 788 postquam
2625 718 2827 772 nullam

382 827 509 867 esse
546 813 886 867 maiestatem
924 814 978 867 S.
1008 813 1066 868 O.
1095 831 1148 884 p.
1174 815 1273 868 241
1316 814 1502 883 edixit,
1538 815 1799 884 postulat,
1838 830 1898 869 se
1934 819 2112 870 totum
2151 834 2184 870 a
2220 817 2445 872 ciuitate
2481 816 2737 871 concreta
2774 818 2828 871 in

381 909 678 965 Germania
713 911 967 981 ponenda
1001 919 1147 967 state
1183 911 1396 981 probat.

562 1009 609 1043 ⁴⁸
648 1006 730 1063 De
767 1010 1100 1070 instruendis
1137 1010 1480 1067 senatoribus
1517 1016 1574 1065 et
1609 1011 2112 1079 repraesentatibus
2149 1028 2247 1081 per
2284 1012 2343 1067 C.
2383 1011 2439 1067 S.
2479 1012 2628 1081 apud
2668 1013 2829 1067 Ame-

384 1106 601 1191 ricanos
639 1105 709 1161 cf.
737 1107 993 1163 Webster
1032 1108 1198 1163 uariis
1235 1108 1386 1163 locis.
1443 1108 1535 1177 111,
1575 1103 1704 1180 3283
1745 1110 1811 1178 V,
1850 1110 1983 1180 4253
2024 1110 2090 1179 V,
2128 1112 2249 1165 356.

564 1206 610 1239 4⁹
647 1205 994 1275 Imperatoris
1032 1207 1084 1260 in
1113 1206 1406 1261 Germania
1442 1222 1614 1276 saepe.
1645 1208 1937 1277 negligitur
1960 1212 2207 1277 potestas
2233 1207 2301 1262 ab
2326 1208 2449 1262 ictis
2475 1208 2610 1263 haec
2635 1208 2837 1263 descri-

359 1302 676 1374 ⁴bentibus3
713 1309 897 1359 tamen
935 1305 990 1359 in
1027 1305 1118 1359 illo
1155 1320 1296 1373 quae
1321 1303 1664 1359 Francofurti
1700 1305 1891 1360 deerat
1925 1306 2202 1375 regiminis
2240 1306 2507 1361 stabilitas
2544 1307 2835 1363 invenitur.

385 1401 482 1455 Ille
519 1401 737 1470 quidem
776 1418 1158 1471 quamcunque
1182 1404 1236 1457 in
1262 1402 1478 1472 legibus
1504 1402 1741 1458 ferendis
1765 1405 1883 1459 iure
1908 1404 2143 1460 dicundo
2169 1410 2415 1473 potestas
2440 1405 2559 1459 eius
2588 1406 2837 1460 restricta

387 1498 462 1552 sit
495 1500 549 1553 in
587 1500 1030 1555 administrandis
1069 1500 1230 1555 rebus
1268 1516 1336 1555 ex
1375 1507 1490 1556 toto
1527 1502 1735 1571 primus
1773 1501 1991 1556 uidetur
2028 1507 2085 1557 et
2120 1504 2249 1571 quia
2285 1503 2571 1558 concilium
2598 1502 2835 1558 foederis

387 1612 514 1651 cum
564 1597 748 1652 diaeta
793 1599 1041 1667 populari
1086 1597 1155 1652 ab
1203 1598 1294 1653 illo
1341 1603 1714 1655 conuocantur
1760 1600 1929 1654 totius
1978 1601 2105 1655 noui
2154 1602 2448 1670 organismi
2485 1602 2708 1656 anima
2743 1600 2837 1655 ha·

386 1693 586 1749 benda.
645 1696 706 1750 In
731 1695 987 1750 America
1010 1696 1226 1767 Headly
1263 1700 1337 1766 (p.
1356 1697 1447 1765 88)
1486 1712 1670 1753 ueram
1697 1697 2039 1770 gubernandi
2066 1698 2300 1754 animam
2328 1714 2683 1769 congressum
2709 1714 2832 1754 esse

388 1793 686 1862 contendit,
725 1794 871 1862 quod
909 1810 1017 1850 non
1055 1794 1482 1849 concedendum.

567 1894 613 1927 ⁵⁰
651 1892 732 1947 De
770 1891 1088 1962 imperfecto
1124 1899 1308 1948 tamen
1348 1893 1634 1947 exsistenti
1672 1893 1835 1952 modo
1873 1892 2033 1948 huius
2068 1894 2465 1963 super-inritatis
2500 1894 2555 1948 in
2585 1894 2837 1949 America

389 1987 460 2043 cf.
487 1990 734 2044 Gardner
767 2008 822 2060 p.
848 1992 979 2045 281:
1031 1991 1303 2059 Congress
1341 2007 1470 2061 may
1506 1990 1693 2046 confer
1730 1992 1827 2045 &c.
1863 1991 1966 2047 but
2000 1991 2317 2064 the-States
2355 1991 2674 2047 authorities
2711 2007 2835 2047 can-

389 2091 489 2142 not
525 2086 593 2142 be
630 2088 931 2157 compelled
967 2087 1044 2159 by
1081 2089 1278 2158 Congr.
1313 2094 1370 2144 to
1407 2088 1694 2158 discharge
1731 2088 1866 2144 such
1894 2090 2093 2145 duties.

569 2188 613 2222 ⁵¹
652 2185 850 2241 Acrius
886 2187 1169 2256 Trollope,
1218 2185 1720 2257 North-America,
1771 2188 1822 2257 1,
1860 2189 1991 2241 310:
2040 2189 2097 2242 in
2142 2186 2305 2242 rebus
2356 2188 2595 2243 externis
2642 2187 2836 2243 eodem

392 2283 555 2339 modo
604 2284 887 2354 colligatas
933 2300 1054 2339 esse
1101 2285 1346 2354 singulas
1395 2286 1450 2339 in
1488 2285 1744 2340 America
1789 2286 2043 2339 ciuitates
2092 2301 2200 2355 quo
2252 2286 2306 2341 in
2344 2286 2625 2340 Britannia
2659 2272 2835 2356 pagos

394 2382 726 2452 (comitatae,
772 2381 866 2437 the
915 2383 1212 2453 counties)3
1250 2388 1440 2438 contra
1477 2384 1852 2453 Hurt·Binet,
1901 2381 2052 2439 Neuf
2080 2384 2219 2438 mois
2257 2399 2365 2437 aux
2400 2384 2463 2437 E.
2490 2382 2555 2439 U.
2595 2382 2835 2453 Geneve,

397 2480 551 2549 1862,
588 2497 642 2550 p.
671 2481 789 2537 141.

570 2580 618 2616 ⁵²
657 2579 848 2650 „Droit
893 2579 962 2635 de
999 2578 1310 2650 banniere“,
1361 2580 1507 2649 quod
1545 2578 1823 2635 habebant
1861 2580 2069 2635 Bienna
2103 2585 2159 2635 et
2192 2580 2409 2636 Nouum
2449 2578 2743 2634 Castellum
2781 2578 2838 2634 in

393 2677 561 2747 priori
596 2679 864 2747 Heluetia,
902 2678 1032 2733 urbs
1070 2678 1527 2734 Dantiscanorum
1563 2678 1618 2733 in
1656 2679 1897 2734 Polonia.
1953 2679 2179 2747 Heffter,
2219 2678 2595 2747 Volkerrecht,
2634 2695 2686 2747 p.
2714 2679 2837 2732 200.

572 2777 618 2810 ⁵³
653 2776 939 2846 Indirecte‚
977 2778 1108 2845 quia
1143 2777 1477 2832 democratia
1512 2777 1620 2831 illic
1644 2777 1820 2831 solum
1852 2764 2336 2846 repraesentatiua,
2374 2776 2430 2832 in
2456 2777 2839 2832 Coniuratione

395 2874 467 2930 ob
506 2872 913 2944 „referendum“
967 2891 1065 2944 pro
1113 2877 1272 2946 pagis
1319 2881 1376 2930 et
1425 2890 1522 2944 pro
1561 2875 1622 2930 C.
1660 2875 1719 2929 P.
1769 2875 1961 2929 ualens
2012 2874 2265 2930 absoluta
2301 2880 2402 2930 est.
2479 2874 2615 2928 Cum
2668 2888 2839 2942 grano

397 2973 525 3027 salis
562 2972 702 3027 hanc
739 2973 1082 3028 euentualem
1122 2974 1527 3030 distinctionem
1563 2973 1669 3027 iam
1709 2972 1780 3027 ob
1818 2973 1873 3027 id
1908 2971 2109 3042 probes
2146 2973 2275 3041 quia
2311 2973 2366 3026 in
2399 2971 2521 3027 Ciu.
2552 2973 2619 3027 V.
2658 2970 2832 3025 solum

397 3071 723 3126 ditissimum
763 3069 993 3140 quisque
1030 3087 1260 3141 regnare
1301 3077 1535 3141 constat,
1574 3069 1642 3127 cf.
1681 3071 1747 3127 N.
1787 3071 1910 3126 Am.
1950 3070 2172 3125 Review
2209 3069 2516 3137 LXXXIII,
2554 3085 2608 3138 p.
2634 3070 2757 3125 476.

576 3171 622 3205 ⁶⁴
657 3169 738 3223 sic
773 3170 939 3238 igitur
971 3170 1293 3224 Bismarckii
1329 3170 1462 3224 illud
1503 3168 1957 3239 „rempublicam“
1997 3183 2120 3222 esse
2154 3166 2377 3222 Sacrum
2417 3163 2707 3236 Imperium
2747 3165 2840 3220 de·-

398 3268 650 3324 claretur.
724 3267 819 3322 Sin
870 3283 1000 3323 uero
1050 3269 1393 3323 maiestatem
1444 3282 1567 3322 esse
1604 3266 1863 3322 Foederis
1902 3265 2155 3321 Conciliis
2193 3266 2295 3334 ait,
2342 3264 2445 3319 hoc
2491 3270 2549 3319 et
2583 3263 2653 3320 ob
2695 3279 2839 3318 com-

401 3380 592 3419 munes
639 3365 708 3420 de
755 3366 975 3435 propria
1009 3365 1234 3434 (Grotii)
1278 3367 1566 3420 maiestate
1615 3380 1851 3433 errores,
1900 3379 2127 3433 quorum
2166 3363 2421 3432 permulti
2457 3367 2587 3417 sunt
2622 3362 2841 3432 partici-

398 3477 514 3532 pes,
555 3470 612 3517 et
647 3462 718 3517 ob
757 3464 1069 3518 comitatem
1106 3465 1161 3517 in
1199 3462 1363 3518 rebus
1399 3461 1630 3532 publicis
1667 3461 2153 3517 administrandam
2191 3467 2305 3516 tam
2342 3461 2706 3516 necessariam
2742 3459 2840 3515 sed

399 3574 499 3630 pro
536 3561 683 3614 iure
720 3577 912 3631 parum
954 3562 1224 3615 ualentem
1265 3562 1471 3616 dixisse
1508 3560 1724 3615 uidetur
1762 3559 1937 3615 nobis.

575 3661 620 3694 55
675 3659 857 3713 Prima
907 3663 1036 3729 post
1091 3660 1319 3714 multum
1377 3658 1650 3728 neglecta·
1686 3658 1829 3712 inter
1883 3663 2061 3712 status
2115 3661 2172 3712 et
2216 3655 2558 3725 gubernandi
2601 3641 2841 3711 rationes

401 3756 678 3811 distinctio
717 3757 861 3825 apud
899 3755 1116 3827 Hippoi.
1154 3773 1188 3811 a
1225 3756 1449 3826 Lapide,
1487 3757 1571 3810 De
1611 3760 1760 3810 statu
1800 3761 1903 3812 etc.
1941 3773 1995 3826 p.
2038 3755 2121 3810 13.
2162 3755 2225 3808 17
2264 3753 2556 3810 inuenitur.

576 3857 623 3889 ⁵⁶
669 3855 1084 3924 Klostermann‚
1140 3855 1255 3908 Das
1303 3854 1536 3923 geistige
1585 3853 1934 3923 Eigenthum.
1988 3853 2153 3922 1868,
2190 3869 2245 3922 p.
2283 3853 2383 3923 473
2438 3869 2491 3907 v.
2531 3853 2840 3922 Lavergne-

401 3950 717 4021 Peguilhen,
758 3953 860 4007 Die
897 3954 1278 4008 conservative
1314 3951 1662 4007 >Sociallehre.
1706 3954 1860 4022 1868,
1899 3953 1940 4006 1.
1967 3950 2113 4022 Hest,
2151 3969 2205 4020 p.
2232 3951 2460 4008 41—43.

576 4051 620 4086 ⁸²
660 4051 935 4104 Praedixit
971 4051 1038 4106 A.
1078 4066 1184 4106 von
1221 4048 1574 4104 Treitschke:
1615 4050 1719 4105 Die
1755 4048 2000 4104 Zukunft
2035 4049 2132 4104 der
2167 4048 2607 4104 norddeutschen
2642 4049 2841 4104 Mittel-

401 4152 618 4202 staaten
655 4163 704 4204 a.
727 4149 883 4218 1866,
921 4166 974 4218 p.
1001 4150 1049 4206 7.
1108 4148 1490 4204 conditionem
1526 4147 1762 4203 futuram
1802 4147 2088 4202 ciuitatum
2116 4147 2562 4203 Germanicarum
2591 4163 2623 4201 a
2660 4145 2843 4202 multis

402 4244 708 4314 publicistis
744 4245 861 4300 vita
895 4261 1004 4302 non
1041 4246 1250 4302 idoneis
1287 4262 1384 4316 pro
1423 4246 1644 4301 ciuitate
1682 4245 1921 4301 discreta
1956 4245 2071 4302 fore
2109 4251 2171 4301 ut
2208 4262 2317 4301 non
2352 4246 2660 4302 haberetur.
2732 4285 2739 4292 -

578 4346 624 4380 ⁵⁸
662 4342 730 4400 cf.
770 4344 952 4398 uarias
996 4344 1051 4399 S.
1092 4344 1286 4400 Curiae
1326 4345 1682 4399 Americanae
1729 4343 2155 4412 disceptationes
2196 4345 2252 4398 in
2290 4349 2517 4399 extenso
2554 4348 2843 4413 excerptas

402 4456 527 4495 cum
565 4443 966 4497 commentariis
1003 4459 1037 4496 a
1071 4442 1228 4498 nobis
1265 4443 1533 4512 edendas,
1586 4446 1802 4512 praeter
1826 4441 1894 4497 V.
1924 4441 1999 4496 Ill.
2040 4440 2109 4495 ab
2146 4441 2307 4496 Holst
2342 4442 2491 4512 apud
2528 4442 2845 4511 Europaeos

406 4541 698 4609 scriptores
735 4541 1013 4609 neglectas
1050 4540 1215 4594 immo
1252 4541 1579 4608 incognitas.
