3559 5175
1863 318 1948 391 26

695 501 1034 567 eiusmodi:
1101 508 1174 567 ut
1239 521 1398 586 quae
1455 476 1738 583 singulae
1794 501 2083 568 ciuitates
2140 506 2211 567 ut
2266 521 2389 566 non
2450 502 2789 587 separatim
2854 501 3135 567 facerent

693 616 1003 698 obligatae
1059 622 1270 689 essent
1325 636 1466 683 cum
1527 618 1713 683 sociis
1770 618 2185 683 communiter
2242 615 2631 703 perficerent.
2724 616 3131 682 Communem

696 737 1068 815 potestatem
1127 730 1462 798 effecerunt
1515 734 1840 816 ciuitates,
1900 733 2101 797 solum
2149 733 2273 817 qua
2326 733 2648 815 ciuitates,
2703 751 2953 815 omnes,
3006 750 3132 797 non

691 847 1056 930 uniuersae,
1124 848 1335 931 itaque
1403 866 1483 912 ex
1552 848 1670 912 hac
1736 848 2197 913 consociatione
2254 848 2634 913 uniuersitas
2690 865 2814 913 non
2869 847 3131 932 prodiit3

692 980 995 1046 personae
1049 961 1413 1028 collectiuae
1473 964 1562 1027 sic
1618 982 1696 1028 ex
1741 964 2106 1029 ciuitatibus
2164 962 2365 1029 solum
2424 963 2596 1028 nullo
2643 962 2765 1027 alio
2820 967 3133 1028 momento

691 1076 1021 1142 accedente
1077 1078 1406 1143 resultanti
1467 1095 1716 1163 semper
1761 1079 1963 1143 defuit
2007 1079 2303 1143 animus
2350 1079 2860 1161 collectiuus‚
2918 1078 3131 1163 itaque

692 1190 844 1255 haec
893 1210 1201 1276 „persona
1243 1190 1552 1258 forensis“
1612 1174 1931 1277 nunqnam
1998 1194 2417 1275 „uniuersitas
2463 1190 2753 1277 publica“
2802 1193 2971 1257 facta
3015 1199 3131 1257 est.

693 1304 872 1381 Quod
919 1304 1074 1371 bene
1121 1305 1533 1371 differendum
1582 1326 1720 1372 cum
1754 1307 1901 1373 Brie
1948 1308 2183 1391 aliique
2230 1308 2421 1373 etiam
2467 1308 2534 1372 in
2582 1308 2742 1374 conf.
2790 1326 2929 1372 esse
2962 1326 3133 1373 com-

691 1438 942 1486 munem
990 1427 1363 1505 potestatem
1410 1422 1729 1490 inducant.
1823 1421 2189 1505 Communis
2235 1429 2513 1507 potestas
2562 1440 2809 1506 semper
2854 1422 3133 1503 singula·-

691 1553 830 1599 rum
859 1536 1202 1600 ‘ciuitatum
1250 1538 1564 1603 communi
1611 1536 1829 1601 afflatu
1874 1543 2237 1622 procreata,
2298 1541 2597 1628 tanquam
2655 1536 2906 1602 illarum
2953 1557 3131 1602 man-

693 1649 971 1733 dataria‚
1030 1652 1358 1717 maiestate
1403 1654 1663 1738 propria
1708 1653 1949 1734 egebat.
2045 1651 2157 1718 Sin
2204 1653 2399 1733 igitur
2443 1650 2600 1718 nulli
2647 1651 2955 1717 dederunt
3000 1672 3133 1717 ma-

691 1765 977 1830 iestatem
1028 1765 1310 1848 singulae
1355 1768 1645 1833 ciuitates
1691 1754 1889 1832 totam
1936 1768 2362 1850 retinuerunt,
2419 1774 2485 1832 et
2536 1766 2737 1832 solum
2785 1768 3133 1833 maiestatis

693 1880 934 1946 iuribus
980 1900 1130 1945 usae
1177 1901 1244 1946 se
1289 1882 1660 1948 coercebant
1702 1884 2011 1965 inuicem,
2058 1883 2281 1947 horum
2338 1880 2571 1947 iurium
2616 1882 2917 1947 nonnulla
2962 1900 3133 1945 come·

694 1996 971 2061 muniter
1027 2001 1407 2061 exercentes.
1500 1996 1851 2063 Maiestatis
1909 1997 2223 2063 restrictio
2279 2016 2439 2080 quae
2490 1997 2611 2062 fuit
2666 1997 2860 2078 igitur
2914 2002 3133 2061 mutua

695 2116 858 2189 erat3
917 2115 982 2174 et
1023 2128 1167 2176 cum
1213 2131 1428 2178 omnes
1473 2114 1762 2179 ciuitates
1820 2114 2199 2178 coniunctim
2249 2117 2445 2177 totam
2494 2110 2795 2177 haberent
2839 2112 3133 2177 maiesta-

693 2230 823 2290 tem
890 2244 1101 2309 super·
1132 2226 1484 2292 hominibus
1553 2229 1684 2292 suis
1755 2232 2106 2293 exstantem
2176 2227 2427 2312 (nempe
2494 2231 2559 2292 et
2620 2225 2730 2291 illa
2784 2227 3132 2292 maiestatis
3234 2282 3240 2287 .

694 2338 834 2405 iura
879 2358 1038 2423 quae
1084 2343 1420 2425 separatim
1469 2342 1752 2423 singulae
1798 2343 2087 2407 ciuitates
2134 2347 2199 2407 et
2244 2361 2402 2425 quae
2446 2347 2705 2407 cunctae
2736 2342 3132 2420 exercebant)

695 2456 884 2519 etiam
934 2474 1047 2539 per
1092 2456 1252 2521 hanc
1295 2458 1866 2541 congregationem,
1914 2458 2145 2541 quippe
2186 2476 2345 2539 quae
2390 2462 2587 2521 totam
2627 2457 3021 2522 maiestatem
3066 2458 3131 2521 in

697 2590 764 2635 se
809 2570 1169 2637 continebat-
1217 2571 1650 2656 retinebatque
1695 2591 1822 2637 non
1871 2572 2220 2638 substantia
2267 2572 2615 2639 maiestatis
2664 2572 3135 2658 circumscripta

697 2691 862 2751 erat:
913 2706 1128 2751 uerum
1165 2687 1364 2752 solum
1399 2708 1512 2772 per
1541 2688 2040 2769 congregationis
2072 2689 2434 2772 spiritum
2470 2687 2679 2771 (quem
2713 2688 2867 2754 bene
2899 2689 3133 2753 discer-

696 2819 920 2866 namus
976 2801 1053 2866 ab
1111 2802 1364 2867 animo
1421 2802 1801 2884 constantel)
1870 2803 1935 2866 id
1994 2809 2091 2868 est
2146 2823 2259 2888 per
2314 2821 2703 2868 communem
2759 2808 3134 2887 potestatem

699 2916 1046 2981 maiestatis
1089 2916 1326 2982 functio
1375 2937 1532 3001 quae
1591 2919 1795 2982 cuiuis
1852 2919 2094 2983 ciuitati
2142 2923 2470 3002 separatae
2516 2919 2929 2984 conueniebat
2979 2938 3133 3002 quo-

701 3031 1066 3115 tiescunque
1097 3033 1566 3114 congregationi
1597 3032 1784 3099 libuit
1828 3033 2475 3101 circumscribebatur.
2546 3032 2717 3110 Quae
2748 3034 2959 3100 omnia
2986 3053 3134 3099 con-

699 3146 896 3211 trario
966 3147 1150 3212 modo
1219 3149 1563 3232 probentur
1637 3149 1913 3214 ciuitatis
1986 3149 2407 3214 solutissimae
2462 3149 2753 3215 similiter
2820 3149 3134 3214 contrario

699 3261 1024 3342 regimine.
1114 3261 1331 3327 Omnis
1391 3283 1642 3349 semper
1698 3264 2047 3328 communis
2091 3268 2375 3348 potestas
2422 3265 2913 3349 quotiescunque
2957 3265 3135 3346 fungi

699 3395 838 3441 eam
895 3377 1226 3460 oportebat
1279 3397 1388 3442 seu
1443 3377 1684 3459 legibus
1739 3377 2015 3443 ferendis
2074 3399 2183 3444 seu
2244 3379 2429 3446 rebus
2472 3380 2907 3447 communibus
2952 3398 3135 3465 prae—

697 3491 880 3576 cipue
936 3492 1000 3556 in
1061 3491 1223 3558 bello
1279 3492 1795 3557 administrandis
1852 3515 1889 3556 a
1945 3495 2429 3576 congregatione
2484 3500 2695 3560 creata
2752 3500 2817 3560 et
2860 3495 3135 3578 quoties-

699 3625 944 3689 cunque
999 3607 1154 3671 satis
1218 3607 1420 3688 egisse
1477 3607 1808 3673 uidebatur
1863 3607 2066 3674 deleta
2124 3615 2247 3689 est3
2311 3611 2399 3675 nil
2456 3629 2731 3694 unquam
2790 3610 2959 3676 aliud
3016 3611 3139 3675 fuit

602 3736 606 3740 ·
703 3721 828 3804 qua
873 3721 1222 3786 eommunis
1267 3726 1548 3806 potestas
1593 3723 1716 3787 nisi
1764 3722 2151 3805 singularum
2212 3726 2539 3790 ciuitatum
2598 3726 2907 3791 sociarum
2952 3745 3137 3790 serua

701 3834 803 3901 uel
860 3855 991 3914 res;
1048 3836 1226 3918 quasi
1285 3835 1620 3902 daemones
1676 3836 1823 3902 illae
1868 3838 1970 3904 uel
2028 3839 2316 3922 umbrae,
2375 3859 2531 3924 quas
2588 3841 2927 3906 secundum
2976 3839 3138 3906 Cab-

702 3949 880 4016 balae
925 3949 1212 4016 Iudaicae
1256 3951 1602 4016 doctrinam
1649 3958 1828 4018 uates
1874 3955 2119 4038 piarum
2166 3955 2395 4019 artium
2456 3959 2775 4038 compotes
2828 3956 2895 4021 in
2950 3955 3137 4020 mini-

703 4064 964 4130 sterium
1011 4065 1130 4131 sibi
1177 4084 1390 4131 creare
1437 4072 1500 4132 et
1545 4069 1640 4132 usi
1686 4067 1895 4133 delere
1941 4069 2165 4134 sciunt.

880 4176 917 4261 ξ
965 4181 1070 4244 21.
1147 4179 1284 4246 Hoc
1327 4181 1527 4246 solum
1577 4183 1967 4248 maiestatem
2030 4183 2365 4265 unigenam
2422 4183 2617 4248 fuisse
2674 4185 2841 4270 apud
2884 4185 3139 4250 foedera

701 4293 1122 4378 Antiquorum
1171 4301 1235 4360 et
1279 4293 1468 4362 Medii
1513 4297 1674 4362 Aeui
1722 4297 2093 4382 populorum
2142 4302 2205 4363 et
2251 4317 2329 4362 ex
2376 4298 2761 4380 singularum
2808 4301 3135 4366 ciuitatum

705 4410 1074 4476 auctoritate
1121 4412 1434 4476 communi
1481 4410 1653 4476 nulla
1696 4431 1898 4476 nouae
1944 4413 2289 4478 maiestatis
2334 4413 2473 4478 iura
2517 4413 2801 4480 deriuata
2836 4435 2973 4480 esse
3002 4433 3138 4480 cer-

705 4531 836 4590 tum
885 4524 1304 4607 intelligentes
1361 4545 1740 4608 quamquam
1796 4525 2157 4592 societatem
2210 4527 2375 4592 inter
2430 4521 2809 4595 Phoenicum
2864 4530 2930 4594 in
2979 4528 3139 4595 Asia
