3559 5175
1840 333 1924 398 38

837 510 1014 595 §37.
1094 509 1189 575 Ac
1235 511 1606 596 praesertim
1653 511 1750 575 ius
1782 509 2099 574 foederum
2152 515 2553 575 externorum
2588 509 2754 594 quod
2785 509 3098 591 integrum

552 645 559 650 ·
659 628 974 695 habebant
1019 632 1205 694 antea
1253 626 1536 709 singulae
1583 611 1959 692 Germaniae
2006 626 2295 692 ciuitates
2343 646 2417 691 ea
2463 631 2677 692 tamen
2725 626 3102 709 conditione,

659 766 736 811 ne
783 748 1003 811 contra
1050 744 1654 809 confoederationem
1704 764 1774 808 eo
1824 748 2169 825 uterentur,
2218 764 2332 828 per
2376 743 2881 809 constitutionem
2927 741 3103 808 Sacri

657 856 914 946 Imperii
973 860 1188 925 eodem
1250 859 1468 943 modo,
1526 880 1647 943 quo
1705 856 2090 952 Americae⁵¹
2145 858 2473 925 Heluetiae
2529 859 2810 941 singulae
2869 864 3103 944 parteS,

658 999 799 1044 cum
858 977 1112 1043 foedera
1160 981 1418 1042 externa
1465 996 1623 1061 quae
1671 977 1919 1059 cognita
1977 982 2039 1042 et
2098 976 2359 1061 probata
2415 975 2798 1060 habeantur,
2857 982 3101 1041 tantum

660 1115 774 1180 per
828 1099 1203 1180 potestatem
1267 1112 1694 1176 communem,
1754 1094 1905 1157 iniri¹
1947 1093 2167 1176 liceat,
2227 1094 2601 1174 amiserunt3
2663 1093 2825 1178 quod
2874 1093 2939 1157 in
2989 1091 3103 1157 tri-

662 1211 777 1277 bus
825 1210 1374 1289 constitutionibus
1423 1210 1542 1274 nisi
1593 1209 1943 1274 formaliter
1989 1215 2157 1275 certe
2203 1210 2442 1275 ratione
2490 1210 2645 1291 legis
2679 1209 2967 1293 edicitur,
3014 1210 3105 1274 ita

587 1396 600 1415 Ι
666 1333 736 1393 ut
781 1329 881 1393 ius
925 1316 1273 1409 legatorum
1324 1328 1401 1393 ad
1451 1331 1699 1392 exteros
1741 1325 2189 1391 mittendorum
2241 1346 2410 1392 mere
2457 1326 2855 1391 honorarium
2870 1322 2915 1355 ⁵²
2962 1346 3105 1391 cum

666 1444 957 1509 uideatur
1004 1464 1140 1509 esse
1186 1443 1576 1529 principibus
1623 1441 2032 1526 Germaniae,
2080 1443 2222 1527 qui,
2270 1464 2393 1526 qua
2439 1442 2812 1508 monarchae
2861 1443 3105 1509 heredi-

668 1562 813 1627 tarii
883 1560 1041 1625 alius
1101 1561 1348 1643 generis
1417 1567 1604 1645 atque
1676 1559 2061 1642 singularum
2131 1560 2197 1624 in
2254 1559 2550 1625 America
2606 1559 2928 1641 Heluetia,
2998 1558 3105 1642 qui

663 1677 847 1742 modo
905 1677 982 1741 ad
1041 1681 1289 1762 tempus
1350 1676 1692 1758 eligantur,
1765 1681 2039 1741 rectores
2102 1676 2427 1742 ciuitatum
2478 1676 2726 1758 negotia
2772 1676 3107 1761 praecipue

665 1795 742 1859 ad
789 1793 1063 1858 familias
1108 1793 1387 1857 illustres
1436 1792 1786 1877 spectantia
1832 1813 1974 1858 cum
2022 1794 2254 1857 exteris
2303 1792 2554 1876 habent,
2603 1792 2679 1859 ob
2726 1791 3108 1877 reipublicae

665 1910 970 1975 discretae
1041 1909 1379 1991 imaginem
1437 1908 1660 1974 melius
1719 1909 2171 1995 assequendam
2231 1910 2547 1991 exstingui
2603 1930 2727 1975 nou
2793 1930 2950 1995 opus
3006 1909 3105 1974 sit.

665 2026 905 2091 Ciuitas
951 2026 1222 2091 discreta
1269 2024 1488 2091 stricta
1536 2046 1655 2090 non
1706 2033 1817 2111 est,
1847 2031 1910 2091 et
1954 2046 2065 2091 cur
2113 2046 2302 2091 unum
2353 2046 2431 2090 ex
2479 2024 2700 2091 horum
2731 2026 3107 2107 regiminum

666 2142 1130 2209 discriminibus
1187 2141 1302 2207 hoc
1347 2142 1446 2207 ius
1493 2142 1840 2224 legatorum
1890 2163 1927 2206 a
1972 2142 2246 2208 ciuitatis
2305 2142 2719 2228 participibus
2770 2143 3107 2208 mittendo-

665 2279 804 2325 rum
854 2279 990 2325 esse
1035 2279 1220 2344 posse
1267 2258 1664 2341 negandum?

825 2375 880 2458 ,§
925 2376 1029 2441 38.
1126 2374 1581 2441 Similitudines
1639 2395 1779 2441 cum
1830 2375 2045 2441 alteris
2093 2375 2453 2441 ciuitatibus
2500 2374 2787 2441 discretis
2842 2395 3107 2461 praeua-

666 2492 798 2557 lent
863 2496 1031 2556 certo
1101 2513 1254 2576 prae
1325 2492 1420 2557 his
1481 2491 2097 2557 dissimilitudinibus
2155 2512 2313 2575 quae
2372 2512 2601 2573 magna
2660 2512 2737 2557 ex
2796 2500 2975 2577 parte
3032 2492 3111 2557 ad

666 2610 1094 2676 monarchicas
1150 2616 1398 2675 nostras
1460 2610 1887 2677 institutiones
1954 2609 2315 2678 referendae
2373 2611 2584 2694 itaque
2631 2629 2771 2674 cum
2820 2609 2917 2675 his
2965 2629 3111 2675 con-

669 2726 1012 2793 seruandae
1071 2727 1215 2792 sint.
1310 2725 1464 2791 Cum
1527 2727 1590 2791 in
1639 2726 1897 2818 antiqua
1942 2725 2482 2792 confoederatione
2529 2727 2745 2820 nostra
2798 2727 2967 2792 ciues
3014 2727 3110 2791 in-

669 2842 910 2909 diuidui
956 2863 1156 2926 neque
1205 2843 1746 2908 administratione
1794 2862 1997 2926 neque
2030 2841 2458 2908 iurisdictione
2490 2863 2691 2927 neque
2721 2843 3111 2926 legislatione

674 2959 1024 3026 communis
1085 2960 1414 3045 potestatis
1472 2935 1753 3025 obstricti
1801 2958 2101 3040 fuissent,
2162 2958 2308 3042 quia
2366 2958 2511 3024 illae
2558 2959 2717 3025 duae
2762 2934 3114 3028 functiones

669 3097 794 3142 non
843 3082 1022 3142 erant
1070 3077 1220 3142 haec
1265 3076 1471 3157 legum
1521 3076 1921 3141 ferendarum
1971 3081 2107 3140 erat
2152 3095 2275 3140 non
2322 3079 2671 3143 communis
2704 3078 2912 3143 sedin
2946 3098 3115 3144 com-

595 3181 599 3185 *
673 3213 861 3259 mune
909 3193 1216 3258 exercita:
1275 3191 1340 3255 in
1389 3189 1728 3257 Germania
1792 3192 2091 3257 hodierna
2146 3199 2333 3277 prout
2378 3194 2441 3257 in
2490 3192 2864 3260 Ciuitatibus
2908 3193 3116 3262 Unitis

678 3316 740 3376 et
813 3311 880 3375 in
959 3307 1441 3374 Coniuratione-
1481 3307 1717 3392 Alpina
1796 3307 2075 3373 subditos
2153 3308 2339 3374 habet
2416 3314 2693 3394 potestas
2769 3315 3117 3378 communis

677 3430 967 3509 cunctoS,
1016 3425 1122 3509 qui
1170 3423 1558 3504 singularum
1609 3424 1936 3488 ciuitatum
1985 3424 2155 3488 ciues
2203 3431 2380 3507 sunt,
2429 3427 2717 3510 quamuis
2766 3449 2993 3512 magna
3040 3451 3118 3496 ex

677 3548 858 3629 parte
906 3541 1123 3607 harum
1175 3560 1286 3626 per
1335 3539 1610 3604 medium
1657 3540 2010 3623 ciuitatum,
2055 3545 2267 3606 tamen
2314 3540 2475 3608 haud
2523 3563 2665 3608 raro
2715 3545 2848 3610 sine
2894 3546 3115 3612 harum

676 3658 1216 3725 commendatione
1285 3656 1574 3721 directos
1668 3655 2046 3732 Qualitatiue
2115 3657 2308 3737 igitur
2378 3656 2517 3739 (etsi
2579 3660 2781 3724 omnis
2850 3662 3119 3745 qualitas

678 3781 894 3841 contra
943 3773 1358 3857 quantitatiue
1403 3771 1716 3856 simplicia
1763 3772 2127 3838 discrimina
2172 3774 2237 3838 in
2268 3775 2701 3856 .quantitatiue
2747 3777 3121 3863 multiplicia

679 3891 937 3957 dissolui
999 3888 1236 3975 potest)
1308 3887 1543 3953 similes
1604 3889 2021 3972 quantitatiue
2080 3889 2415 3954 dissimiles
2484 3891 2636 3957 haec
2692 3899 2821 3958 tres
2884 3894 3121 3977 figurae

679 4029 776 4094 rp.
811 4007 1117 4073 discretae
1164 4005 1361 4072 reales
1409 4005 1685 4070 eiusdem
1734 4007 1981 4088 generis
2024 4013 2171 4070 sunt
2216 4007 2503 4072 diuersae
2552 4009 2808 4092 species,
2884 4010 3121 4088 Quibus

680 4123 937 4189 nomina
1097 4117 1104 4124 ’
2896 4113 2903 4124 “

1284 4238 1401 4323 Rp.
1450 4238 1758 4305 discretae
1804 4237 2137 4304 foederalis

1321 4392 1350 4404 -
1590 4392 1618 4404 -
1799 4354 2220 4419 foederatiuae

1324 4508 1352 4520 -
1593 4509 1620 4520 -
1801 4469 2523 4557 imperio-foederatiuae

686 4588 920 4674 imponi
980 4589 1219 4653 licitum
1280 4593 1342 4652 et
1395 4587 1546 4652 utile
1604 4593 1917 4671 putamus.
2011 4586 2094 4651 Et
2150 4606 2290 4652 cum
2347 4586 2709 4653 Aristotelis
2768 4588 2844 4653 de
2902 4591 3123 4656 ciuita-
