3559 5175
1950 62 1964 91 ἱ

1908 300 1994 363 34

731 479 849 545 hoc
896 479 1082 545 tertio
1131 478 1347 543 ordine
1403 479 1568 542 facto
1629 498 1787 561 quae
1846 496 2011 542 nunc
2056 477 2180 541 sint
2225 477 2290 541 in
2338 478 2539 543 tribus
2584 478 2869 563 imperiis
2918 478 3177 559 regimi-

729 616 876 661 num
936 596 1170 661 formas
1225 595 1631 679 inauguratas
1691 595 1871 658 annis
1916 596 2137 677 -1789,
2213 597 2416 677 1848,
2496 595 2660 660 1867
2726 614 2849 660 non
2904 594 3177 678 ignoret,

731 712 916 798 plane
962 731 1085 778 non
1134 712 1418 776 miratur.
1510 709 1644 776 Hoc
1702 711 2099 795 potissimum
2160 711 2375 776 ordine
2433 711 2780 777 adiiciendo
2842 712 2902 776 iu
2951 711 3177 776 Atlan-

731 829 857 894 tide
903 827 1192 893 Heluetia
1240 825 1578 892 Germania
1637 828 1986 892 communis
2034 833 2311 912 potestas
2358 826 2629 893 ciuilis
2678 828 2942 910 reddita,
2990 833 3177 912 atque

731 944 999 1030 simplex
1050 943 1362 1028 (quamuis
1394 942 1792 1029 perpetuum)
1843 943 2111 1008 foedus
2158 943 2223 1008 in
2271 942 2834 1028 rempublicam
2885 943 3180 1010 uidelicet

730 1061 1065 1127 discretam
1117 1066 1358 1125 mutata
1403 1055 1577 1125 est⁴⁰.
1671 1058 1789 1124 Est
1844 1060 2038 1141 igitur
2096 1060 2195 1125 hie
2252 1060 2475 1125 tertius
2532 1060 2683 1126 ordo
2731 1060 2959 1144 ubique
3004 1060 3177 1142 lega-

731 1184 936 1242 torum
987 1198 1024 1241 a
1070 1178 1294 1260 totiuS,
1351 1176 1514 1261 quod
1574 1176 1889 1241 communi
1948 1176 2244 1261 potestati
2303 1177 2546 1260 subest,
2594 1177 2896 1242 territorii
2944 1177 3175 1262 populo

731 1295 1066 1360 missorum
1115 1292 1446 1360 concilium
1503 1295 1569 1357 in
1617 1314 1740 1359 una
1786 1293 2233 1375 conuentione,
2296 1312 2453 1377 quae
2512 1294 2573 1358 in
2623 1294 2919 1359 America
2964 1292 3177 1358 House

733 1410 801 1475 of
868 1410 971 1475 the
1033 1410 1613 1496 Representatives,
1684 1410 1748 1473 in
1820 1408 2108 1473 Helvetia
2167 1408 2632 1492 Nationalrath,
2702 1410 2765 1474 in
2839 1408 3179 1475 Germania

736 1502 1072 1609 Reicllstag
1128 1525 1444 1612 appellata
1502 1546 1624 1591 uno
1682 1532 1745 1590 et
1802 1525 2018 1591 eodem
2074 1526 2260 1591 modo
2322 1561 2390 1570 -
2472 1525 2537 1590 id
2605 1531 2702 1592 est
2756 1526 2834 1591 ab
2891 1526 3177 1592 omnibus

736 1643 998 1725 integris
1042 1648 1244 1708 aetate
1281 1642 1620 1709 maioribus
1651 1642 1966 1707 uniuersis
2013 1642 2289 1707 uniuersi
2323 1642 2626 1707 territorii
2670 1642 2914 1709 ciuibus
2948 1678 3028 1687 —
3078 1662 3177 1709 se-

625 1826 650 1847 ,
737 1760 1005 1825 cundum
1050 1758 1515 1833 multitudinem
1573 1765 1637 1825 et
1682 1760 1743 1823 in
1794 1758 2008 1841 aequis
2058 1757 2443 1823 districtibus
2489 1757 2762 1842 eligitur,
2808 1759 2899 1823 ita
2944 1763 3178 1840 autem,

736 1882 809 1941 ut
862 1895 1000 1941 cum
1060 1877 1122 1940 in
1170 1875 1466 1942 America
1521 1875 1712 1957 legati
1768 1874 1905 1939 fieri
1967 1877 2211 1960 possint
2264 1875 2379 1939 soli
2441 1876 2547 1959 qui
2594 1875 2869 1959 eiusdem
2919 1895 2958 1939 a
3002 1876 3177 1940 cuius

738 1992 982 2059 ciuibus
1029 1992 1281 2059 creandi
1328 1992 1454 2061 sint
1498 1991 1774 2056 ciuitatis
1808 1980 1955 2056 sunt
1984 1992 2176 2075 ciues,
2223 1991 2291 2055 in
2324 1990 2615 2056 Heluetia
2646 1990 3007 2074 Germania,
3055 2011 3180 2075 qua

739 2111 804 2175 in
854 2110 1111 2175 ciuitate
1158 2108 1472 2174 candidati
1548 2094 1909 2189 (dummodo
1968 2107 2083 2173 sub
2143 2108 2456 2172 communi
2505 2108 2632 2172 sint
2679 2106 3014 2192 potestate)
3082 2109 3180 2172 ui-

737 2232 891 2291 uant
938 2225 1357 2310 quaerendum
1407 2245 1532 2289 non
1592 2224 1711 2305 sit,
1770 2200 1987 2288 uerum
2037 2223 2267 2307 ubique
2314 2224 2577 2308 quisque
2624 2223 2871 2289 concilii
2921 2223 3177 2288 inferio·

738 2344 828 2408 ris
875 2343 1105 2409 sodalis
1154 2343 1297 2425 eligi
1347 2338 1622 2428 possit⁴¹.
1697 2339 1833 2417 Qua
1880 2341 2121 2405 ratione
2168 2340 2267 2404 ius
2314 2340 2589 2405 ciuitatis
2637 2340 3010 2422 communis,
3057 2360 3180 2423 quo

745 2459 1009 2525 oriundo
1057 2459 1243 2524 simul
1291 2458 1592 2523 aduersus
1649 2458 1865 2542 priora
1916 2455 2166 2522 foedera
2214 2456 2276 2520 in
2326 2456 2525 2522 tribus
2572 2456 2757 2522 terris
2803 2455 3184 2541 reipublicae

741 2573 979 2641 scilicet
1023 2574 1327 2642 discretae
1373 2574 1544 2640 notio
1593 2574 1657 2638 in
1703 2573 1897 2638 uitam
1950 2571 2192 2657 prolata
2238 2579 2356 2657 est,
2403 2594 2537 2659 per,
2587 2595 2744 2658 quae
2784 2573 2848 2638 in
2890 2572 3182 2659 Europae

743 2693 1016 2776 uigeant,
1064 2691 1449 2779 respublicas
1484 2691 1785 2756 discretas
1830 2690 2055 2756 fortius
2102 2691 2378 2756 construi
2427 2697 2489 2757 et
2534 2692 2851 2756 ciuitatem
2901 2697 3185 2756 recenter

743 2814 1010 2874 erectam
1059 2809 1276 2874 artiori
1325 2827 1624 2892 compage
1670 2806 1897 2871 uinciri
1947 2788 2138 2892 patet.

918 2923 1094 3008 §31.
1187 2925 1433 2992 Deinde
1492 2924 1841 2991 communis
1896 2924 2226 3008 potestatis
2275 2924 2425 2989 ordo
2474 2924 2780 2990 secundus
2826 2923 3056 3008 ubique
3102 2943 3183 2989 ex

743 3041 1136 3125 consiliariiS,
1189 3061 1416 3126 nempe
1458 3041 1612 3107 uiris
1661 3034 2143 3126 peritioribus⁴²,
2191 3040 2298 3124 qui
2345 3061 2382 3104 a
2430 3040 2691 3123 singulis
2738 3041 2802 3105 in
2852 3060 3048 3104 novae
3092 3040 3183 3105 ei-

743 3157 960 3223 uitatis
1006 3157 1313 3223 discretae
1359 3159 1673 3223 territorio
1721 3157 2031 3222 contentis
2076 3157 2435 3223 ciuitatibus
2482 3156 2869 3240 delegentur,
2916 3162 3180 3223 constat.

745 3273 860 3339 Cui
906 3274 1214 3359 superiori
1261 3272 1522 3338 concilio
1567 3274 1630 3337 in
1678 3273 1975 3337 America
2021 3271 2285 3355 Senate,
2332 3273 2395 3337 in
2444 3272 2737 3338 Heluetia
2781 3272 3185 3356 Standerath,

743 3390 808 3456 in
857 3388 1195 3456 Germania
1240 3389 1630 3455 Bundesrath
1678 3397 2079 3468 nomen‘est3
2150 3397 2213 3454 et
2267 3389 2445 3455 cuius
2491 3389 2830 3475 participes
2878 3390 2943 3453 in
2988 3388 3184 3478 Ame-

745 3508 878 3572 rica
921 3526 1046 3571 non
1079 3506 1231 3572 satis
1274 3506 1509 3588 stricte,
1555 3505 1618 3570 in
1648 3504 1943 3570 Heluetia
1974 3505 2273 3589 strictiuS,
2320 3506 2384 3571 in
2416 3504 2755 3571 Germania
2785 3505 3184 3571 strictissime

748 3643 828 3690 ex
884 3623 1208 3687 ciuitatum
1271 3642 1384 3708 per
1431 3641 1585 3707 quas
1630 3621 1808 3686 missi
1866 3625 2012 3687 sunt
2065 3623 2435 3688 auctoritate
2492 3627 2693 3705 stant,
2748 3621 2977 3706 ubique
3029 3640 3186 3687 uero

750 3759 845 3822 ea,
892 3743 962 3804 ut
1007 3738 1331 3804 ciuitatum
1381 3737 1764 3820 singularum
1800 3736 2186 3804 uoluntatem
2218 3737 2529 3823 publicam
2565 3743 2628 3803 et
2673 3737 2880 3803 uerbis
2927 3742 2991 3802 et
3020 3736 3188 3802 uotis

752 3853 1138 3940 exprimant,
1195 3853 1437 3919 ratione
1492 3854 1766 3920 instituti
1826 3847 2047 3918 sunt⁴³.
2138 3853 2317 3919 Hanc
2371 3855 2678 3919 rationem
2735 3853 2970 3938 optime
3014 3873 3186 3918 asse-

751 3976 978 4036 cuntur
1023 3970 1362 4036 Teutones:
1412 3971 1703 4055 quoniam
1753 3990 1913 4053 quae
1961 3971 2026 4034 in
2075 3970 2337 4052 singulis
2384 3970 2745 4036 ciuitatibus
2792 3990 2829 4034 a
2876 3974 3189 4056 potestate

753 4086 1002 4172 publica
1047 4088 1196 4166 (non
1242 4087 1440 4154 solum
1489 4108 1528 4151 a
1572 4086 1919 4154 rectoribus
1967 4106 2187 4151 uerum
2221 4087 2406 4151 etiam
2440 4107 2477 4151 a
2508 4086 2744 4152 nuntiis
2776 4085 3188 4172 popularibus

755 4208 819 4269 et
862 4202 1246 4289 proceribus)
1296 4203 1675 4287 sentiantur,
1732 4223 1845 4288 per
1901 4203 2189 4287 superius
2246 4202 2574 4268 concilium
2633 4203 3004 4287 proferenda
3050 4221 3191 4268 esse

756 4319 941 4385 etiam
1008 4339 1218 4386 coram
1287 4320 1571 4386 inferiori
1635 4319 1927 4404 concilio,
1991 4319 2397 4386 constitutum
2464 4307 2527 4384 et
2580 4318 3011 4385 confirmatum
3071 4325 3189 4384 est.

755 4435 1114 4502 clarissime
1161 4436 1356 4519 igitur
1401 4437 1688 4502 ciuitates
1747 4436 1919 4520 ipsas
1976 4455 2115 4502 cum
2176 4436 2266 4502 sic
2321 4436 2385 4502 in
2441 4435 2627 4502 rebus
2674 4436 2941 4521 publicis
2986 4435 3191 4501 omni-

755 4552 870 4619 bus
915 4553 1091 4638 ipsae
1137 4557 1466 4617 uersentur
1511 4551 1789 4636 quolibet
1833 4551 2083 4618 decreto
2128 4553 2441 4619 communi
2489 4552 2818 4636 uinculari,
2864 4573 2989 4638 qua
3033 4553 3192 4618 ciui-
