3559 5175
1877 362 1963 426 32

703 536 995 603 Heluetia
1055 536 1404 601 communis
1462 540 1739 621 potestas
1800 536 2120 619 instituta,
2191 540 2383 620 quae,
2444 555 2820 619 quamquam
2881 534 3144 617 singulis

701 652 1064 718 ciuitatibus
1122 653 1219 717 ius
1276 652 1608 733 legationis
1668 656 2059 735 reseruatur,
2130 656 2199 716 ut
2266 652 2450 716 unius
2518 652 2791 717 ciuitatis
2850 671 3144 736 suprema

703 768 1040 833 auctoritas
1086 788 1201 852 pro
1248 768 1562 832 uniuersis
1610 768 1823 831 omnia
1880 786 2029 849 erga
2074 772 2140 833 et
2184 772 2402 831 contra
2458 767 2823 852 peregrinos
2869 767 3144 849 gerenda

701 884 863 965 regit
919 878 1376 951 ciuitatibus⁸⁴.
1448 881 1779 976 Manifesta
1838 883 1930 947 sic
1988 882 2269 967 profecto
2333 882 2522 947 etiam
2582 882 2966 967 peregriniS,
3034 883 3142 966 qui

701 998 980 1081 singulas
1026 998 1337 1082 ciuitateS,
1384 1000 1718 1083 quominus
1763 998 2097 1083 quicquam
2145 1000 2211 1064 in
2259 998 2730 1064 uniuersitatem
2780 1004 3141 1064 consecten-

699 1122 804 1180 tur
847 1115 1076 1180 nedum
1139 1120 1535 1201 perpetrent,
1597 1120 1660 1179 et
1705 1115 1843 1179 iure
1904 1120 1967 1180 et
2011 1114 2075 1179 ui
2122 1114 2475 1199 prohibitas
2535 1135 2671 1180 esse
2717 1114 3140 1198 intelligentes

697 1231 900 1316 plenis
957 1231 1306 1297 maiestatis
1365 1230 1706 1297 honoribus
1752 1229 2201 1313 condecorant,
2256 1231 2654 1316 perspicuam
2714 1235 2924 1296 autem
2971 1250 3142 1296 com-

698 1347 906 1412 munis
960 1346 1351 1411 auctoritatis
1410 1346 1803 1411 maiestatem
1860 1346 2153 1427 ignorare
2210 1366 2333 1411 non
2392 1352 2688 1431 possunt,
2746 1348 3140 1412 maiestatem

696 1461 1008 1546 duplicem
1057 1461 1238 1527 alteri
1289 1461 1551 1526 alteram
1609 1460 2079 1528 subordinatam
2126 1503 2213 1511 —
2261 1461 2325 1527 id
2372 1462 2537 1546 quod
2583 1462 3136 1528 contradictionem

697 1578 763 1641 in
819 1577 1060 1642 adiecto
1131 1597 1252 1641 non
1325 1597 1461 1642 esse
1518 1583 1737 1662 postea
1799 1576 2331 1643 demonstrabitur
2392 1613 2469 1623 —-
2535 1579 2773 1663 pariter
2829 1584 3017 1663 atque
3072 1578 3136 1642 in

695 1691 990 1759 America
1035 1693 1102 1757 in
1147 1691 1440 1787 Heluetia
1488 1691 1646 1757 duae
1693 1693 2055 1758 maiestates
2100 1692 2434 1780 praefictae
2481 1699 2648 1778 sunt,
2693 1695 2757 1758 in
2801 1692 3141 1759 Germania

694 1808 909 1890 uigere
955 1807 1325 1873 declaratur.
2566 1788 2573 1795 ⁹

873 1922 911 2005 ξ
956 1925 1062 1989 27.
1154 1922 1292 1987 Non
1352 1922 1551 1987 solum
1612 1922 1729 1989 hac
1775 1923 2048 1989 nominis
2096 1923 2540 2008 aequabilitate
2586 1924 2765 1989 iuxta
2811 1924 3133 1990 aestimari

694 2043 960 2125 possunt
1026 2044 1154 2103 tres
1224 2038 1614 2123 respublicae
1685 2038 1793 2104 sed
1865 2039 2073 2125 potius
2141 2060 2282 2104 cum
2352 2040 2738 2122 singularum
2809 2040 3132 2106 ciuitatum

694 2156 992 2219 maiestas
1049 2154 1278 2239 ubique
1347 2154 1622 2219 eiusdem
1694 2156 1942 2236 generis
2001 2155 2253 2221 residua
2312 2155 2635 2239 uideatur,
2705 2156 2896 2221 etiam
2966 2175 3135 2222 com-

695 2270 902 2334 munis
948 2270 1280 2354 potestatis
1339 2270 1637 2335 maiestas
1698 2272 1763 2335 in
1825 2271 1955 2336 fere
2013 2272 2228 2356 aequis
2274 2271 2699 2338 fundamentis
2745 2272 2975 2356 ubique
3019 2291 3134 2356 po-

695 2385 816 2450 sita
875 2389 1001 2468 est,
1059 2404 1133 2450 ea
1187 2388 1432 2451 tantum
1481 2385 1876 2471 condicione,
1934 2391 2006 2451 ut
2063 2387 2237 2452 saluo
2288 2407 2535 2473 semper
2580 2388 2929 2453 maiestatis
2977 2388 3134 2454 resi·

694 2501 852 2565 duae
898 2501 1067 2585 iure,
1126 2502 1422 2567 maiestas
1481 2520 1698 2567 recens
1759 2501 1825 2567 in
1874 2488 2247 2568 Germaniae
2294 2502 2521 2569 finibus
2566 2501 2809 2569 firmius
2858 2502 3135 2569 stabilita

693 2619 776 2722 si·t
821 2637 1006 2702 quam
1055 2618 1235 2698 alibi;
1294 2618 1724 2702 componenda
1780 2639 1941 2703 pene
1988 2639 2126 2686 cum
2177 2620 2431 2704 scopulo
2488 2619 2597 2685 illo
2645 2621 2779 2686 eius
2826 2621 2932 2706 qui
2982 2621 3132 2705 quin
3232 2614 3239 2620 ’

692 2739 756 2800 et
810 2735 1087 2800 exercitu
1148 2741 1210 2800 et
1267 2735 1508 2800 aerario
1566 2733 1918 2801 Borussicis
1976 2736 2311 2800 fundandis
2369 2735 2559 2802 Sacro
2604 2736 2908 2823 Imperio,
2966 2737 3131 2821 quod

689 2850 870 2917 nobis
916 2870 1081 2916 nunc
1127 2857 1252 2934 est,
1314 2871 1524 2916 aream
1584 2870 1867 2916 securam
1916 2852 2157 2936 primus
2206 2851 2641 2936 explanauerit
2699 2873 2824 2918 non
2872 2853 3129 2919 dubium

691 2971 786 3032 est
831 2966 997 3049 regis
1045 2969 1267 3032 aeneo!
1337 2963 1710 3033 Germaniae
1768 2967 2016 3052 quidem
2067 2968 2282 3032 itidem
2333 2973 2403 3033 ut
2447 2967 2753 3034 Atlantidi
2803 2968 3131 3037 Heluetiae

689 3087 966 3168 potestas
1012 3102 1160 3148 uere
1207 3082 1411 3148 ciuilis
1458 3087 1576 3167 est,
1623 3103 1780 3168 quae
1831 3104 2019 3169 super
2065 3075 2352 3151 omnibus
2398 3085 2639 3151 ciuibus
2686 3085 2977 3172 propriae
3024 3106 3129 3150 su-

689 3220 942 3285 premae
1006 3199 1396 3264 auctoritatis
1454 3199 1622 3263 uices
1681 3199 1884 3264 habet.
1980 3197 2237 3265 Sincera
2294 3220 2541 3266 summa
2596 3188 2846 3286 im'perii
2899 3201 3129 3286 ubique

688 3316 754 3380 in
800 3316 958 3381 hanc
1004 3320 1377 3400 potestatem
1425 3333 1820 3379 communem
1868 3313 2093 3379 collata
2141 3311 2329 3398 est³³,
2387 3336 2613 3401 nempe
2658 3315 2867 3398 legum
2920 3318 3128 3383 feren-

689 3431 934 3514 darum,
983 3450 1194 3495 rerum
1229 3429 1896 3512 administrandarum,
1944 3430 2101 3495 iuris
2147 3430 2390 3496 dicendi
2436 3432 2815 3514 functiones3
2865 3452 2938 3498 ea
2966 3432 3127 3516 lege,

686 3550 758 3610 ut
805 3545 1192 3628 singularum
1241 3546 1565 3612 ciuitatum
1610 3545 1854 3610 iniussu
1886 3546 2079 3610 immo
2110 3545 2425 3632 plerisque
2471 3548 2692 3613 inuitis
2742 3545 2888 3628 (nisi
2920 3549 3126 3613 maxi—

686 3661 825 3728 mae
878 3661 1253 3746 repugnent)
1303 3681 1488 3742 agere
1535 3661 1884 3744 agendique
1930 3661 2108 3745 fines,
2162 3663 2547 3745 singularum
2595 3664 2922 3731 ciuitatum
2971 3685 3126 3730 una-

687 3772 975 3841 nimitat'e
1022 3797 1146 3841 non
1192 3777 1516 3860 requisita,
1564 3796 1916 3862 propagare
1962 3778 2179 3864 possit.

863 3891 898 3972 ξ
947 3894 1053 3958 28.
1129 3891 1332 3956 Huius
1378 3893 1708 3977 potestatis
1755 3894 2105 3958 communis
2152 3894 2346 3976 igitur
2394 3895 2716 3980 proposita
2755 3899 2820 3960 et
2864 3895 3124 3979 auxilia,

685 4008 973 4093 quamuis
1021 4006 1431 4092 singularum,
1476 4029 1638 4092 quae
1685 4009 1808 4096 ipsi
1857 4009 2142 4093 subsunt,
2190 4010 2516 4075 ciuitatum
2564 4010 2921 4077 adiumento
2967 4011 3123 4094 legi·-

684 4123 800 4190 bus
869 4124 1111 4205 digesto
1180 4124 1654 4210 circumscripta
1710 4127 2072 4209 nentiquam
2132 4126 2450 4210 absoluta,
2519 4147 2660 4194 cum
2730 4128 3120 4193 maiestatem

680 4238 924 4321 legibus
981 4238 1247 4304 solutam
1310 4259 1446 4317 esse
1503 4239 1728 4306 debere
1788 4240 1952 4306 inter
2011 4243 2496 4326 praeteritorum
2556 4263 2799 4310 errores
2860 4245 2941 4310 sit
3008 4265 3121 4330 po-

682 4355 955 4420 nendum
1006 4355 1376 4438 seculorum,
1432 4355 1710 4421 eiusdem
1758 4376 2017 4440 prorsus
2066 4362 2211 4421 sunt
2255 4358 2501 4440 generis
2549 4359 2725 4424 cuius
2773 4360 3155 4444 antiquitus·

681 4491 753 4537 ea
800 4490 959 4555 quae
1006 4471 1385 4555 auctoritati,
1434 4492 1556 4557 qua
1600 4471 1991 4558 respublicae
2024 4478 2349 4542 concretae
2395 4474 2841 4558 gubernantur,
2892 4495 3119 4542 conue-

677 4588 881 4653 niunt.
971 4585 1268 4655 Liberum
1318 4587 1513 4670 igitur
1559 4593 1656 4655 est
1702 4592 1890 4673 atque
1937 4608 2297 4674 supremum
2347 4590 2707 4674 imperium,
2753 4592 2917 4676 quod
2965 4611 3119 4675 quo-
