3559 5175
1910 315 1998 379 24

732 492 881 557 tatis
928 496 1252 557 concretae
1287 491 1656 575 'prouincias
1713 490 2141 577 appellamuS,
2197 489 2440 575 primae
2501 488 2859 554 auctoritati
2907 488 3173 571 subsint,

731 606 910 673 illam
957 608 1152 690 igitur
1195 607 1504 673 rationem
1567 628 1690 692 qua
1748 607 2001 673 densior
2046 626 2127 671 an
2173 606 2381 671 minus
2426 604 2620 670 densa
2666 604 2751 669 sit
2796 603 3173 688 reipublicae

731 742 1096 808 compageS,
1153 723 1388 805 gradus
1449 723 1716 807 denique
1775 722 1982 787 uarios
2038 721 2147 787 sed
2195 722 2425 806 partim
2474 722 2639 787 inter
2684 741 2751 786 se
2797 718 3174 785 confluentes

735 835 1348 921 „centralizationis“
1399 844 1462 905 et
1510 834 2199 922 „decentralizationis“
2251 857 2407 921 quae
2454 840 2757 903 uocantur
2788 854 3175 919 quarumque

730 954 1066 1019 discrimen
1113 953 1182 1018 in
1227 954 1365 1019 iure
1411 954 1660 1039 publico
1709 954 2009 1018 hodierno
2042 952 2143 1017 uel
2176 951 2434 1037 plurimi
2468 952 2870 1035 arbitramur,
2917 952 3176 1018 minime

733 1069 1178 1154 pervestigarit
1221 1088 1406 1133 nemo
1464 1064 1789 1135 dubitat¹⁰.
1882 1068 1979 1133 De
2026 1068 2251 1151 quibus
2300 1068 2622 1134 uariarum
2668 1066 3171 1149 conjunctionum

731 1184 1088 1250 notionibus
1131 1204 1258 1250 non
1305 1184 1508 1248 solum
1554 1184 1848 1267 antiquus
1896 1204 2017 1267 quo
2067 1182 2219 1248 haec
2264 1183 2499 1267 scripta
2542 1188 2689 1247 sunt
2729 1202 2935 1249 sermo
2966 1182 3175 1248 uerbis

729 1299 1003 1382 indiget,
1064 1299 1170 1364 sed
1203 1299 1422 1364 etiam
1483 1298 1850 1379 uernacula,
1878 1298 2157 1363 omnium
2214 1278 2495 1379 gentium
2554 1304 2617 1363 et
2662 1298 2963 1363 cuiusuis
2988 1298 3175 1363 iuris-

734 1414 1107 1499 'prudentiae
1165 1415 1364 1479 oratio
1421 1413 1680 1480 uocibus
1728 1418 1901 1479 caret
1947 1414 2112 1497 aptis
2156 1420 2219 1479 et
2268 1433 2463 1496 aeque
2518 1409 2847 1478 usitatis¹¹.
2941 1412 3175 1490 Quodsi

739 1536 991 1614 praeter
1035 1518 1451 1595 Illustrissimi
1497 1527 1720 1594 Gneist
1765 1529 1843 1594 de
1887 1528 2239 1610 Anglorum
2286 1529 2531 1593 interno
2576 1529 2880 1609 regimine
2914 1528 3176 1593 eximias

735 1645 1130 1727 quaestiones
1187 1643 1266 1709 de
1321 1626 1445 1708 una
1492 1643 1675 1708 modo
1725 1664 1803 1709 ex
1851 1644 2087 1709 ambitu
2145 1642 2252 1708 illo
2312 1664 2381 1708 re
2436 1644 2643 1709 minus
2697 1643 2877 1722 tarde
2926 1649 2989 1708 et
3033 1644 3177 1727 plus

735 1777 931 1841 aeque
988 1759 1277 1824 incedere
1331 1759 1657 1824 consueu'it
1713 1758 2035 1824 doctorum
2095 1758 2373 1823 uirorum
2428 1758 2693 1841 locutio,
2752 1758 3047 1827 uidelicet
3099 1758 3177 1823 de

733 1873 1296 1939 confoederationis
1355 1880 1418 1939 et
1476 1873 1855 1958 reipublicae
1913 1873 2219 1939 discretae
2276 1872 2627 1939 differentia
2652 1869 2733 1955 ¹²,
2790 1894 2957 1939 nunc
3011 1893 3197 1957 cum,-

733 1987 956 2053 ultima
997 1988 1536 2081 confoederatione
1583 1990 1915 2072 exstincta,
1964 1989 2029 2053 in
2073 1990 2171 2053 ius
2214 1989 2533 2074 publicum
2568 1989 2825 2055 alterius
2856 1990 3177 2057 foederum

733 2109 1177 2188 perpetuorum
1247 2104 1494 2185 generis
1551 2103 1745 2169 solius
1814 2104 2171 2190 superstitis
2229 2104 2644 2188 interpretum
2704 2106 2871 2169 uires
2928 2110 3177 2170 contra-

733 2219 984 2301 hantur,
1029 2219 1246 2286 eadem
1295 2219 1651 2302 uerborum,
1699 2240 1860 2303 quae
1908 2220 2193 2303 quamuis
2242 2220 2464 2284 idonea
2512 2240 2579 2283 se
2625 2220 2984 2304 praebeant,
3030 2240 3177 2285 raro

735 2333 813 2399 ab
860 2334 1381 2416 investigantibus
1428 2334 1840 2419 aequabiliter
1887 2334 2293 2417 adhibentur,
2342 2336 2609 2400 sentitur
2655 2336 2939 2420 penuria.
3031 2334 3179 2400 Ideo

735 2448 812 2514 de
860 2449 1054 2513 uariis
1100 2448 1482 2533 reipublicae
1525 2450 1835 2515 discretae
1881 2445 2096 2532 fiffguris
2143 2469 2266 2514 non
2313 2442 2581 2515 libenter
2628 2449 2979 2515 disseritur.
3056 2449 3180 2515 Fa-

737 2563 853 2629 cile
913 2563 1154 2630 scilicet
1208 2564 1392 2644 multi
1449 2564 1899 2652 rempublicam
1969 2565 2302 2632 discretam
2360 2566 2423 2630 in
2482 2566 2958 2650 constitutione,
3020 2585 3180 2651 quae

632 2661 636 2664 ⁵
738 2679 885 2745 inde
931 2700 968 2744 a
1015 2681 1075 2745 d.
1123 2679 1209 2744 IV
1254 2680 1411 2745 Non.
1459 2679 1642 2746 Mart.
1693 2701 1746 2746 a.
1803 2682 1971 2746 1789
2018 2680 2363 2746 Atlantidis
2411 2683 2509 2747 ius
2555 2681 2875 2766 publicum
2922 2682 3181 2764 regebat

737 2795 1042 2878 regitque,
1087 2795 1483 2880 praefinitam
1508 2805 1704 2879 esse,
1759 2796 2364 2862 confoederationem
2418 2798 2482 2861 in
2531 2817 2605 2862 ea
2650 2817 2808 2882 quae
2854 2804 2991 2864 erat
3037 2801 3181 2882 post

729 2929 976 2976 ,annum
1031 2913 1209 2977 ’1816
1269 2909 1643 2978 Germaniae
1701 2911 2055 2978 conditione
2110 2933 2395 2978 normam
2453 2911 2682 2978 habere
2745 2899 3204 2980 demonstrare*

741 3033 1168 3110 susceperunt.
1261 3027 1350 3092 At
1393 3029 1562 3117 quia·
1587 3027 1851 3092 antehac
1898 3047 2143 3093 omnem
2203 3028 2466 3094 salutem
2514 3028 2827 3113 publicam
2876 3029 2940 3094 in
2989 3029 3179 3094 Ame-

739 3142 990 3206 ricanae
1034 3142 1533 3225 constitutionis,
1581 3163 1768 3226 quam
1817 3142 2089 3208 Helvetii
2134 3164 2275 3209 cum
2324 3165 2397 3210 ea
2444 3165 2601 3228 quae
2648 3145 2801 3210 viris
2848 3165 2966 3210 usu
3013 3145 3181 3231 peri-

740 3258 824 3322 tis
871 3264 934 3322 et
979 3257 1043 3322 in
1091 3258 1364 3343 propriis
1409 3258 1594 3323 rebus
1641 3257 1909 3342 publicis
1958 3260 2225 3324 uersatis
2275 3279 2388 3344 par
2448 3264 2545 3324 est
2602 3266 2663 3325 et
2718 3261 3043 3342 conuenit,
3100 3261 3181 3325 li-

746 3372 986 3437 bertate
1043 3372 1238 3436 secuti
1295 3367 1564 3454 erant¹⁸,
1631 3373 1875 3437 ratione
1938 3372 2244 3438 imitanda
2290 3373 2663 3440 Germaniae
2718 3377 2987 3460 positam
3044 3395 3181 3441 esse

744 3476 1042 3551 scientiae
1087 3491 1340 3550 nostrae
1389 3486 1597 3570 capita
1631 3521 1712 3530 —-
1749 3507 2013 3570 quorum
2040 3490 2339 3554 'uirorum
2388 3490 2465 3556 de
2511 3491 2719 3575 patria
2766 3492 3001 3576 optimo
3049 3511 3180 3556 me-

743 3603 1010 3666 ritorum
1059 3620 1428 3685 semperque
1475 3603 1704 3666 summi
1751 3603 2282 3669 aestimandorum
2338 3604 2544 3670 studia
2592 3607 2657 3671 in
2702 3605 3181 3672 Constitutionis

748 3713 1158 3781 Germanicae
1204 3716 1280 3781 de
1327 3736 1383 3780 a.
1437 3718 1605 3782 1849
1653 3718 2071 3784 instrumento
2120 3721 2437 3806 proposito
2485 3722 2755 3806 perspici
2802 3727 3065 3807 possunt
3098 3755 3181 3766 --

747 3830 1220 3914 contenderant,
1267 3831 1644 3916 etiamnunc,
1693 3841 2023 3918 postquam
2070 3835 2326 3900 iamiam
2376 3834 2713 3902 Germania
2756 3838 2821 3901 in
2870 3837 3013 3902 talis
3061 3839 3184 3903 rei-

749 3944 1036 4030 publicae
1083 3945 1390 4011 discretae
1433 3947 1724 4032 formam,
1773 3949 2017 4032 qualem
2054 3950 2537 4015 domesticarum
2569 3958 2739 4016 certo
2770 3952 3181 4035 singularium

749 4079 960 4124 rerum
1021 4065 1250 4124 natura
1316 4066 1377 4124 et
1435 4061 1831 4129 desiderabat
1888 4069 1951 4128 et
2010 4066 2445 4150 permittebat,
2521 4066 2773 4132 redacta
2830 4073 2962 4150 est,
3026 4088 3181 4132 non—

747 4172 906 4238 nulli
994 4174 1212 4240 itidem
1306 4175 1490 4241 facile
1568 4178 2077 4244 constitutionem
2164 4187 2441 4245 nostram
2465 4229 2483 4262 ,
2572 4181 2717 4264 quia
2798 4181 3179 4249 Atlanticam

667 4326 672 4329 >
749 4289 1054 4354 imitando
1099 4309 1226 4354 non
1273 4298 1561 4357 accurate
1607 4294 2041 4376 consequitur,
2086 4294 2377 4377 laudant,
2425 4295 2586 4379 quod
2634 4316 2785 4361 uera
2831 4298 3183 4383 respublica

748 4403 1020 4484 discreta
1066 4405 1455 4470 maiestatem
1516 4408 1864 4472 eommunis
1924 4411 2253 4492 potestatis
2308 4427 2459 4494 prae
2512 4430 2579 4476 se
2624 4430 2846 4492 gerens
2893 4411 3001 4477 illa
3045 4412 3229 4495 legeq
3272 4387 3275 4389 Α

747 4527 872 4584 n'on
919 4518 1242 4586 efficiatur⁶
1333 4520 1538 4586 Alteri
1583 4526 1835 4606 contra,
1880 4524 1988 4608 qui
2034 4543 2071 4589 a
2116 4526 2461 4591 communis
2510 4527 2837 4612 potestatis
2897 4525 3181 4612 partibus
