<?xml version="1.0" encoding="UTF-8"?>
<!DOCTYPE html PUBLIC "-//W3C//DTD XHTML 1.0 Transitional//EN"
    "http://www.w3.org/TR/xhtml1/DTD/xhtml1-transitional.dtd">
<html xmlns="http://www.w3.org/1999/xhtml" xml:lang="en" lang="en">
 <head>
  <title>
</title>
<meta http-equiv="Content-Type" content="text/html;charset=utf-8" />
  <meta name='ocr-system' content='tesseract 3.04.00' />
  <meta name='ocr-capabilities' content='ocr_page ocr_carea ocr_par ocr_line ocrx_word'/>
</head>
<body>
  <div class='ocr_page' id='page_1' title='image "./decivitatediscr00huppgoog_0044.png"; bbox 0 0 3559 5175; ppageno 0'>
   <div class='ocr_carea' id='block_1_1' title="bbox 1854 356 1941 419">
    <p class='ocr_par' dir='ltr' id='par_1_1' title="bbox 1854 356 1941 419">
     <span class='ocr_line' id='line_1_1' title="bbox 1854 356 1941 419; baseline 0 0"><span class='ocrx_word' id='word_1_1' title='bbox 1854 356 1941 419; x_wconf 85' lang='lat'>42</span> 
     </span>
    </p>
   </div>
   <div class='ocr_carea' id='block_1_2' title="bbox 678 491 3119 697">
    <p class='ocr_par' dir='ltr' id='par_1_2' title="bbox 678 491 3119 697">
     <span class='ocr_line' id='line_1_2' title="bbox 853 491 3119 653; baseline 0 -68"><span class='ocrx_word' id='word_1_2' title='bbox 853 533 875 566; x_wconf 82' lang='lat'>⁸</span> <span class='ocrx_word' id='word_1_3' title='bbox 913 528 994 585; x_wconf 81' lang='lat' dir='ltr'>cf.</span> <span class='ocrx_word' id='word_1_4' title='bbox 1033 532 1096 587; x_wconf 90' lang='lat' dir='ltr'>L.</span> <span class='ocrx_word' id='word_1_5' title='bbox 1131 528 1474 600; x_wconf 84' lang='lat' dir='ltr'>Tellkampf.</span> <span class='ocrx_word' id='word_1_6' title='bbox 1523 530 1635 583; x_wconf 91' lang='lat' dir='ltr'>Der</span> <span class='ocrx_word' id='word_1_7' title='bbox 1683 529 2087 585; x_wconf 87' lang='lat' dir='ltr'>norddeutsche</span> <span class='ocrx_word' id='word_1_8' title='bbox 2133 530 2293 584; x_wconf 90' lang='lat' dir='ltr'>Bund</span> <span class='ocrx_word' id='word_1_9' title='bbox 2344 530 2455 584; x_wconf 91' lang='lat' dir='ltr'>und</span> <span class='ocrx_word' id='word_1_10' title='bbox 2506 530 2593 585; x_wconf 89' lang='lat' dir='ltr'>die</span> <span class='ocrx_word' id='word_1_11' title='bbox 2630 491 2974 653; x_wconf 77' lang='lat' dir='ltr'>Verfassung</span> <span class='ocrx_word' id='word_1_12' title='bbox 3021 530 3119 585; x_wconf 90' lang='lat' dir='ltr'>des</span> 
     </span>
     <span class='ocr_line' id='line_1_3' title="bbox 678 628 1850 697; baseline -0.002 -13"><span class='ocrx_word' id='word_1_13' title='bbox 678 628 979 684; x_wconf 90' lang='lat' dir='ltr'>deutschen</span> <span class='ocrx_word' id='word_1_14' title='bbox 1015 628 1265 683; x_wconf 88' lang='lat' dir='ltr'>Reiches.</span> <span class='ocrx_word' id='word_1_15' title='bbox 1304 628 1447 683; x_wconf 91' lang='lat' dir='ltr'>Berl.</span> <span class='ocrx_word' id='word_1_16' title='bbox 1487 628 1643 697; x_wconf 88' lang='grc'><strong>1866,</strong></span> <span class='ocrx_word' id='word_1_17' title='bbox 1681 644 1735 697; x_wconf 91' lang='lat' dir='ltr'><strong>p</strong></span> <span class='ocrx_word' id='word_1_18' title='bbox 1766 629 1850 684; x_wconf 89' lang='grc'>16.</span> 
     </span>
    </p>
   </div>
   <div class='ocr_carea' id='block_1_3' title="bbox 678 724 3139 2841">
    <p class='ocr_par' dir='ltr' id='par_1_3' title="bbox 853 724 2581 796">
     <span class='ocr_line' id='line_1_4' title="bbox 853 724 2581 796; baseline 0 -15"><span class='ocrx_word' id='word_1_19' title='bbox 853 728 876 761; x_wconf 76' lang='lat'>⁹</span> <span class='ocrx_word' id='word_1_20' title='bbox 912 727 1076 796; x_wconf 83' lang='lat' dir='ltr'>Buss‚</span> <span class='ocrx_word' id='word_1_21' title='bbox 1114 725 1683 782; x_wconf 87' lang='lat' dir='ltr'>Bundesstaatsrecht.</span> <span class='ocrx_word' id='word_1_22' title='bbox 1722 726 1930 781; x_wconf 90' lang='lat' dir='ltr'>Karlsr.</span> <span class='ocrx_word' id='word_1_23' title='bbox 1970 725 2126 795; x_wconf 85' lang='lat'>1844,</span> <span class='ocrx_word' id='word_1_24' title='bbox 2166 724 2336 795; x_wconf 88' lang='lat' dir='ltr'>praef.</span> <span class='ocrx_word' id='word_1_25' title='bbox 2375 743 2429 796; x_wconf 89' lang='lat' dir='ltr'>p.</span> <span class='ocrx_word' id='word_1_26' title='bbox 2456 726 2581 781; x_wconf 89' lang='lat' dir='ltr'>XII.</span> 
     </span>
    </p>

    <p class='ocr_par' dir='ltr' id='par_1_4' title="bbox 856 808 2878 894">
     <span class='ocr_line' id='line_1_5' title="bbox 856 808 2878 894; baseline 0 -16"><span class='ocrx_word' id='word_1_27' title='bbox 856 826 902 861; x_wconf 86' lang='lat'>1⁰</span> <span class='ocrx_word' id='word_1_28' title='bbox 937 824 1278 894; x_wconf 86' lang='lat' dir='ltr'>Treitschke‚</span> <span class='ocrx_word' id='word_1_29' title='bbox 1317 824 1422 879; x_wconf 88' lang='lat' dir='ltr'>Die</span> <span class='ocrx_word' id='word_1_30' title='bbox 1460 808 2251 879; x_wconf 83' lang='lat' dir='ltr'>Gesellschaftswissenschaft.</span> <span class='ocrx_word' id='word_1_31' title='bbox 2288 824 2475 893; x_wconf 87' lang='lat' dir='ltr'>Leipz.</span> <span class='ocrx_word' id='word_1_32' title='bbox 2516 823 2669 891; x_wconf 85' lang='lat'>1859,</span> <span class='ocrx_word' id='word_1_33' title='bbox 2708 840 2762 893; x_wconf 87' lang='lat' dir='ltr'>p.</span> <span class='ocrx_word' id='word_1_34' title='bbox 2790 826 2878 879; x_wconf 83' lang='lat'>26.</span> 
     </span>
    </p>

    <p class='ocr_par' dir='ltr' id='par_1_5' title="bbox 678 920 3129 1090">
     <span class='ocr_line' id='line_1_6' title="bbox 857 920 3129 993; baseline -0 -15"><span class='ocrx_word' id='word_1_35' title='bbox 857 925 898 959; x_wconf 84' lang='lat'>¹1</span> <span class='ocrx_word' id='word_1_36' title='bbox 936 922 1049 979; x_wconf 88' lang='lat' dir='ltr'>Nos</span> <span class='ocrx_word' id='word_1_37' title='bbox 1097 924 1278 993; x_wconf 88' lang='lat' dir='ltr'>potius</span> <span class='ocrx_word' id='word_1_38' title='bbox 1327 923 1382 976; x_wconf 88' lang='lat' dir='ltr'>in</span> <span class='ocrx_word' id='word_1_39' title='bbox 1431 920 1620 977; x_wconf 86' lang='lat' dir='ltr'>tabula</span> <span class='ocrx_word' id='word_1_40' title='bbox 1654 938 1709 991; x_wconf 95' lang='lat' dir='ltr'>p.</span> <span class='ocrx_word' id='word_1_41' title='bbox 1734 923 1807 977; x_wconf 88' lang='lat'>46</span> <span class='ocrx_word' id='word_1_42' title='bbox 1843 922 2004 977; x_wconf 89' lang='lat' dir='ltr'>huius</span> <span class='ocrx_word' id='word_1_43' title='bbox 2042 922 2334 977; x_wconf 92' lang='lat' dir='ltr'>uoluminis</span> <span class='ocrx_word' id='word_1_44' title='bbox 2372 936 2535 976; x_wconf 88' lang='lat' dir='ltr'>uoces</span> <span class='ocrx_word' id='word_1_45' title='bbox 2575 920 2857 975; x_wconf 83' lang='lat' dir='ltr'>technicas</span> <span class='ocrx_word' id='word_1_46' title='bbox 2893 937 3030 990; x_wconf 87' lang='lat' dir='ltr'>quas</span> <span class='ocrx_word' id='word_1_47' title='bbox 3066 927 3129 977; x_wconf 90' lang='lat' dir='ltr'>ut</span> 
     </span>
     <span class='ocr_line' id='line_1_7' title="bbox 678 1019 2857 1090; baseline 0 -15"><span class='ocrx_word' id='word_1_48' title='bbox 678 1020 733 1075; x_wconf 90' lang='lat' dir='ltr'>in</span> <span class='ocrx_word' id='word_1_49' title='bbox 771 1021 965 1076; x_wconf 88' lang='lat' dir='ltr'>ceteris</span> <span class='ocrx_word' id='word_1_50' title='bbox 1002 1020 1213 1076; x_wconf 86' lang='lat' dir='ltr'>artibus</span> <span class='ocrx_word' id='word_1_51' title='bbox 1249 1021 1509 1075; x_wconf 85' lang='lat' dir='ltr'>latinas</span> <span class='ocrx_word' id='word_1_52' title='bbox 1547 1034 1768 1075; x_wconf 86' lang='lat' dir='ltr'>manere</span> <span class='ocrx_word' id='word_1_53' title='bbox 1807 1020 2059 1075; x_wconf 90' lang='lat' dir='ltr'>uolumus</span> <span class='ocrx_word' id='word_1_54' title='bbox 2092 1035 2396 1090; x_wconf 82' lang='lat' dir='ltr'>proponere</span> <span class='ocrx_word' id='word_1_55' title='bbox 2432 1019 2615 1075; x_wconf 86' lang='lat' dir='ltr'>conati</span> <span class='ocrx_word' id='word_1_56' title='bbox 2652 1035 2857 1075; x_wconf 89' lang='lat' dir='ltr'>sumus.</span> 
     </span>
    </p>

    <p class='ocr_par' dir='ltr' id='par_1_6' title="bbox 679 1102 3128 1385">
     <span class='ocr_line' id='line_1_8' title="bbox 860 1102 3127 1189; baseline -0.001 -16"><span class='ocrx_word' id='word_1_57' title='bbox 860 1119 903 1153; x_wconf 77' lang='lat'>¹²</span> <span class='ocrx_word' id='word_1_58' title='bbox 938 1119 1002 1174; x_wconf 88' lang='lat' dir='ltr'>R.</span> <span class='ocrx_word' id='word_1_59' title='bbox 1040 1116 1093 1176; x_wconf 58' lang='lat' dir='ltr'>ir.</span> <span class='ocrx_word' id='word_1_60' title='bbox 1120 1118 1292 1189; x_wconf 66' lang='lat' dir='ltr'>Hohl,</span> <span class='ocrx_word' id='word_1_61' title='bbox 1328 1116 1527 1174; x_wconf 88' lang='lat' dir='ltr'>Gesch.</span> <span class='ocrx_word' id='word_1_62' title='bbox 1565 1134 1620 1174; x_wconf 90' lang='lat' dir='ltr'>u.</span> <span class='ocrx_word' id='word_1_63' title='bbox 1657 1118 1960 1173; x_wconf 89' lang='lat' dir='ltr'>Litteratur</span> <span class='ocrx_word' id='word_1_64' title='bbox 1996 1118 2094 1172; x_wconf 87' lang='lat' dir='ltr'>der</span> <span class='ocrx_word' id='word_1_65' title='bbox 2121 1102 2784 1174; x_wconf 48' lang='lat' dir='ltr'>&#39;Staatswissenschaftem</span> <span class='ocrx_word' id='word_1_66' title='bbox 2822 1118 2932 1173; x_wconf 91' lang='lat' dir='ltr'>Erl.</span> <span class='ocrx_word' id='word_1_67' title='bbox 2972 1118 3127 1187; x_wconf 83' lang='lat'>1855,</span> 
     </span>
     <span class='ocr_line' id='line_1_9' title="bbox 679 1206 3128 1286; baseline -0.001 -14"><span class='ocrx_word' id='word_1_68' title='bbox 679 1234 734 1286; x_wconf 88' lang='lat' dir='ltr'>p.</span> <span class='ocrx_word' id='word_1_69' title='bbox 760 1216 894 1285; x_wconf 87' lang='lat'><strong>560,</strong></span> <span class='ocrx_word' id='word_1_70' title='bbox 933 1217 1090 1274; x_wconf 92' lang='lat' dir='ltr'>Iuol.</span> <span class='ocrx_word' id='word_1_71' title='bbox 1141 1216 1242 1271; x_wconf 91' lang='lat' dir='ltr'>hoc</span> <span class='ocrx_word' id='word_1_72' title='bbox 1279 1216 1570 1271; x_wconf 77' lang='lat' dir='ltr'><strong>discrimen</strong></span> <span class='ocrx_word' id='word_1_73' title='bbox 1607 1216 1753 1286; x_wconf 87' lang='lat' dir='ltr'>apud</span> <span class='ocrx_word' id='word_1_74' title='bbox 1804 1232 1903 1271; x_wconf 86' lang='lat' dir='ltr'>nos</span> <span class='ocrx_word' id='word_1_75' title='bbox 1952 1216 2255 1271; x_wconf 86' lang='lat' dir='ltr'>Germanos</span> <span class='ocrx_word' id='word_1_76' title='bbox 2292 1231 2361 1269; x_wconf 85' lang='lat' dir='ltr'>ex</span> <span class='ocrx_word' id='word_1_77' title='bbox 2399 1215 2655 1272; x_wconf 67' lang='lat' dir='ltr'>doctrina·</span> <span class='ocrx_word' id='word_1_78' title='bbox 2684 1216 2738 1271; x_wconf 90' lang='lat' dir='ltr'>in</span> <span class='ocrx_word' id='word_1_79' title='bbox 2776 1206 2945 1271; x_wconf 82' lang='lat' dir='ltr'>uitam</span> <span class='ocrx_word' id='word_1_80' title='bbox 2983 1220 3128 1271; x_wconf 84' lang='lat' dir='ltr'>tran·</span> 
     </span>
     <span class='ocr_line' id='line_1_10' title="bbox 679 1315 1130 1385; baseline 0.002 -16"><span class='ocrx_word' id='word_1_81' title='bbox 679 1315 836 1370; x_wconf 87' lang='lat' dir='ltr'>siissc</span> <span class='ocrx_word' id='word_1_82' title='bbox 873 1315 1130 1385; x_wconf 90' lang='lat' dir='ltr'>loquitur.</span> 
     </span>
    </p>

    <p class='ocr_par' dir='ltr' id='par_1_7' title="bbox 681 1409 3129 1567">
     <span class='ocr_line' id='line_1_11' title="bbox 861 1409 3129 1482; baseline -0 -15"><span class='ocrx_word' id='word_1_83' title='bbox 861 1414 904 1447; x_wconf 82' lang='lat'>¹⁸</span> <span class='ocrx_word' id='word_1_84' title='bbox 953 1414 995 1469; x_wconf 92' lang='grc' dir='ltr'>Ι.</span> <span class='ocrx_word' id='word_1_85' title='bbox 1034 1414 1094 1469; x_wconf 92' lang='grc' dir='ltr'>Ρ.</span> <span class='ocrx_word' id='word_1_86' title='bbox 1132 1413 1200 1468; x_wconf 91' lang='lat' dir='ltr'>V.</span> <span class='ocrx_word' id='word_1_87' title='bbox 1251 1412 1506 1480; x_wconf 83' lang='lat' dir='ltr'>Troxler,</span> <span class='ocrx_word' id='word_1_88' title='bbox 1570 1412 1672 1466; x_wconf 92' lang='lat' dir='ltr'>Die</span> <span class='ocrx_word' id='word_1_89' title='bbox 1722 1409 2065 1481; x_wconf 84' lang='lat' dir='ltr'>Verfassung</span> <span class='ocrx_word' id='word_1_90' title='bbox 2116 1412 2214 1466; x_wconf 91' lang='lat' dir='ltr'>der</span> <span class='ocrx_word' id='word_1_91' title='bbox 2267 1412 2619 1482; x_wconf 79' lang='lat' dir='ltr'>vereinigten</span> <span class='ocrx_word' id='word_1_92' title='bbox 2677 1412 2904 1468; x_wconf 85' lang='lat' dir='ltr'>Staaten</span> <span class='ocrx_word' id='word_1_93' title='bbox 2955 1411 3129 1469; x_wconf 87' lang='lat' dir='ltr'>Nord-</span> 
     </span>
     <span class='ocr_line' id='line_1_12' title="bbox 681 1508 2837 1567; baseline 0.001 -3"><span class='ocrx_word' id='word_1_94' title='bbox 681 1510 971 1566; x_wconf 86' lang='lat' dir='ltr'>amerika&#39;s</span> <span class='ocrx_word' id='word_1_95' title='bbox 1009 1511 1089 1565; x_wconf 87' lang='lat' dir='ltr'>als</span> <span class='ocrx_word' id='word_1_96' title='bbox 1124 1509 1445 1565; x_wconf 87' lang='lat' dir='ltr'>Musterbild</span> <span class='ocrx_word' id='word_1_97' title='bbox 1483 1510 1579 1564; x_wconf 88' lang='lat' dir='ltr'>der</span> <span class='ocrx_word' id='word_1_98' title='bbox 1615 1509 1867 1565; x_wconf 86' lang='lat' dir='ltr'>schweiz.</span> <span class='ocrx_word' id='word_1_99' title='bbox 1905 1508 2347 1567; x_wconf 83' lang='lat' dir='ltr'>Bundesreform.</span> <span class='ocrx_word' id='word_1_100' title='bbox 2397 1510 2639 1567; x_wconf 82' lang='lat' dir='ltr'>Schaffh.</span> <span class='ocrx_word' id='word_1_101' title='bbox 2682 1511 2837 1567; x_wconf 82' lang='grc'><strong>1848.</strong></span> 
     </span>
    </p>

    <p class='ocr_par' dir='ltr' id='par_1_8' title="bbox 864 1609 1382 1679">
     <span class='ocr_line' id='line_1_13' title="bbox 864 1609 1382 1679; baseline 0.004 -16"><span class='ocrx_word' id='word_1_102' title='bbox 864 1611 907 1644; x_wconf 83' lang='lat'>¹⁴</span> <span class='ocrx_word' id='word_1_103' title='bbox 942 1609 1122 1679; x_wconf 81' lang='lat' dir='ltr'><strong>Epist.</strong></span> <span class='ocrx_word' id='word_1_104' title='bbox 1159 1609 1256 1679; x_wconf 89' lang='lat' dir='ltr'>XI,</span> <span class='ocrx_word' id='word_1_105' title='bbox 1299 1610 1382 1665; x_wconf 87' lang='lat'>16.</span> 
     </span>
    </p>

    <p class='ocr_par' dir='ltr' id='par_1_9' title="bbox 683 1704 3139 2841">
     <span class='ocr_line' id='line_1_14' title="bbox 862 1704 3131 1777; baseline 0 -16"><span class='ocrx_word' id='word_1_106' title='bbox 862 1710 906 1743; x_wconf 79' lang='lat'>1⁵</span> <span class='ocrx_word' id='word_1_107' title='bbox 946 1708 1006 1761; x_wconf 92' lang='lat' dir='ltr'>In</span> <span class='ocrx_word' id='word_1_108' title='bbox 1045 1706 1370 1777; x_wconf 87' lang='lat' dir='ltr'>quibusdam</span> <span class='ocrx_word' id='word_1_109' title='bbox 1407 1704 1616 1760; x_wconf 84' lang='lat' dir='ltr'>iuribus</span> <span class='ocrx_word' id='word_1_110' title='bbox 1654 1706 1760 1760; x_wconf 90' lang='lat' dir='ltr'>iam</span> <span class='ocrx_word' id='word_1_111' title='bbox 1801 1720 1899 1775; x_wconf 88' lang='lat' dir='ltr'>per</span> <span class='ocrx_word' id='word_1_112' title='bbox 1935 1704 2174 1759; x_wconf 82' lang='lat' dir='ltr'>Auream</span> <span class='ocrx_word' id='word_1_113' title='bbox 2213 1705 2426 1759; x_wconf 89' lang='lat' dir='ltr'>Bullam</span> <span class='ocrx_word' id='word_1_114' title='bbox 2465 1722 2514 1761; x_wconf 91' lang='lat' dir='ltr'>a.</span> <span class='ocrx_word' id='word_1_115' title='bbox 2557 1706 2710 1776; x_wconf 85' lang='grc'><strong>1356,</strong></span> <span class='ocrx_word' id='word_1_116' title='bbox 2748 1722 2891 1775; x_wconf 88' lang='lat' dir='ltr'>quae</span> <span class='ocrx_word' id='word_1_117' title='bbox 2928 1708 3131 1761; x_wconf 89' lang='lat' dir='ltr'>Teuto-</span> 
     </span>
     <span class='ocr_line' id='line_1_15' title="bbox 683 1803 3131 1877; baseline -0.001 -16"><span class='ocrx_word' id='word_1_118' title='bbox 683 1806 792 1861; x_wconf 92' lang='lat' dir='ltr'>nici</span> <span class='ocrx_word' id='word_1_119' title='bbox 840 1806 1056 1877; x_wconf 87' lang='lat' dir='ltr'>Imperii</span> <span class='ocrx_word' id='word_1_120' title='bbox 1103 1820 1201 1875; x_wconf 89' lang='lat' dir='ltr'>per</span> <span class='ocrx_word' id='word_1_121' title='bbox 1239 1804 1600 1874; x_wconf 85' lang='lat' dir='ltr'>Carpzouium</span> <span class='ocrx_word' id='word_1_122' title='bbox 1649 1804 1736 1857; x_wconf 86' lang='lat' dir='ltr'>lex</span> <span class='ocrx_word' id='word_1_123' title='bbox 1773 1803 1927 1872; x_wconf 86' lang='lat' dir='ltr'>regia</span> <span class='ocrx_word' id='word_1_124' title='bbox 1962 1803 2293 1873; x_wconf 85' lang='lat' dir='ltr'>appellatur,</span> <span class='ocrx_word' id='word_1_125' title='bbox 2339 1803 2613 1873; x_wconf 75' lang='lat' dir='ltr'>principes</span> <span class='ocrx_word' id='word_1_126' title='bbox 2654 1805 2920 1859; x_wconf 86' lang='lat' dir='ltr'>electores</span> <span class='ocrx_word' id='word_1_127' title='bbox 2956 1804 3131 1873; x_wconf 90' lang='lat' dir='ltr'>Impe-</span> 
     </span>
     <span class='ocr_line' id='line_1_16' title="bbox 684 1899 3131 1973; baseline -0.001 -16"><span class='ocrx_word' id='word_1_128' title='bbox 684 1904 852 1959; x_wconf 88' lang='lat' dir='ltr'>ratori</span> <span class='ocrx_word' id='word_1_129' title='bbox 903 1901 1297 1973; x_wconf 80' lang='lat' dir='ltr'>aequabantur.</span> <span class='ocrx_word' id='word_1_130' title='bbox 1373 1902 1675 1971; x_wconf 85' lang='lat' dir='ltr'>Praecipue</span> <span class='ocrx_word' id='word_1_131' title='bbox 1727 1916 1852 1955; x_wconf 90' lang='lat' dir='ltr'>cum</span> <span class='ocrx_word' id='word_1_132' title='bbox 1902 1899 2125 1955; x_wconf 89' lang='lat' dir='ltr'>Arcadii</span> <span class='ocrx_word' id='word_1_133' title='bbox 2172 1905 2229 1955; x_wconf 89' lang='lat' dir='ltr'>et</span> <span class='ocrx_word' id='word_1_134' title='bbox 2267 1901 2490 1956; x_wconf 90' lang='lat' dir='ltr'>Honorii</span> <span class='ocrx_word' id='word_1_135' title='bbox 2546 1906 2753 1957; x_wconf 85' lang='lat' dir='ltr'>statuta</span> <span class='ocrx_word' id='word_1_136' title='bbox 2807 1902 2878 1956; x_wconf 88' lang='lat' dir='ltr'>ad</span> <span class='ocrx_word' id='word_1_137' title='bbox 2924 1903 3131 1970; x_wconf 88' lang='lat' dir='ltr'>Legem</span> 
     </span>
     <span class='ocr_line' id='line_1_17' title="bbox 688 1998 3132 2069; baseline -0.002 -13"><span class='ocrx_word' id='word_1_138' title='bbox 688 2002 878 2057; x_wconf 90' lang='lat' dir='ltr'>Iuliam</span> <span class='ocrx_word' id='word_1_139' title='bbox 917 2000 1219 2055; x_wconf 78' lang='lat' dir='ltr'>Maiestatis</span> <span class='ocrx_word' id='word_1_140' title='bbox 1257 2001 1341 2065; x_wconf 88' lang='lat' dir='ltr'>(L.</span> <span class='ocrx_word' id='word_1_141' title='bbox 1367 2000 1419 2056; x_wconf 84' lang='lat'>5.</span> <span class='ocrx_word' id='word_1_142' title='bbox 1455 2016 1537 2069; x_wconf 91' lang='lat' dir='ltr'>pr.</span> <span class='ocrx_word' id='word_1_143' title='bbox 1565 1999 1648 2065; x_wconf 89' lang='lat' dir='ltr'>C.)</span> <span class='ocrx_word' id='word_1_144' title='bbox 1697 2000 1775 2054; x_wconf 90' lang='lat' dir='ltr'>ita</span> <span class='ocrx_word' id='word_1_145' title='bbox 1820 2000 1876 2053; x_wconf 95' lang='lat' dir='ltr'>in</span> <span class='ocrx_word' id='word_1_146' title='bbox 1914 1999 2100 2053; x_wconf 89' lang='lat' dir='ltr'>Aurea</span> <span class='ocrx_word' id='word_1_147' title='bbox 2135 1999 2293 2053; x_wconf 87' lang='lat' dir='ltr'>Bulla</span> <span class='ocrx_word' id='word_1_148' title='bbox 2339 1998 2667 2054; x_wconf 87' lang='lat' dir='ltr'>referantur:</span> <span class='ocrx_word' id='word_1_149' title='bbox 2726 1998 2784 2054; x_wconf 89' lang='lat' dir='ltr'>Si</span> <span class='ocrx_word' id='word_1_150' title='bbox 2838 2000 2960 2069; x_wconf 90' lang='lat' dir='ltr'>quis</span> <span class='ocrx_word' id='word_1_151' title='bbox 3008 2014 3132 2053; x_wconf 92' lang='lat' dir='ltr'>cum</span> 
     </span>
     <span class='ocr_line' id='line_1_18' title="bbox 687 2096 3133 2170; baseline -0.002 -16"><span class='ocrx_word' id='word_1_152' title='bbox 687 2098 1022 2170; x_wconf 90' lang='lat' dir='ltr'>principibus</span> <span class='ocrx_word' id='word_1_153' title='bbox 1071 2098 1332 2153; x_wconf 87' lang='lat' dir='ltr'>militibus</span> <span class='ocrx_word' id='word_1_154' title='bbox 1382 2100 1468 2154; x_wconf 92' lang='lat' dir='ltr'>uel</span> <span class='ocrx_word' id='word_1_155' title='bbox 1505 2098 1736 2168; x_wconf 86' lang='lat' dir='ltr'>priuatis</span> <span class='ocrx_word' id='word_1_156' title='bbox 1784 2112 1883 2152; x_wconf 88' lang='lat' dir='ltr'>seu</span> <span class='ocrx_word' id='word_1_157' title='bbox 1929 2096 2347 2166; x_wconf 78' lang='lat' dir='ltr'>quibuscunque</span> <span class='ocrx_word' id='word_1_158' title='bbox 2394 2097 2643 2166; x_wconf 86' lang='lat' dir='ltr'>personis</span> <span class='ocrx_word' id='word_1_159' title='bbox 2688 2096 2917 2167; x_wconf 88' lang='lat' dir='ltr'>plebeiis</span> <span class='ocrx_word' id='word_1_160' title='bbox 2966 2098 3133 2151; x_wconf 84' lang='lat' dir='ltr'>etiam</span> 
     </span>
     <span class='ocr_line' id='line_1_19' title="bbox 687 2195 3136 2265; baseline -0.002 -12"><span class='ocrx_word' id='word_1_161' title='bbox 687 2197 973 2254; x_wconf 86' lang='lat' dir='ltr'>scelestam</span> <span class='ocrx_word' id='word_1_162' title='bbox 1027 2195 1350 2252; x_wconf 65' lang='lat' dir='ltr'>factionem*</span> <span class='ocrx_word' id='word_1_163' title='bbox 1377 2204 1473 2251; x_wconf 90' lang='lat' dir='ltr'>aut</span> <span class='ocrx_word' id='word_1_164' title='bbox 1527 2196 1785 2251; x_wconf 79' lang='lat' dir='ltr'>factionis</span> <span class='ocrx_word' id='word_1_165' title='bbox 1838 2195 2011 2265; x_wconf 87' lang='lat' dir='ltr'>ipsius</span> <span class='ocrx_word' id='word_1_166' title='bbox 2065 2196 2278 2249; x_wconf 90' lang='lat' dir='ltr'>inicerit</span> <span class='ocrx_word' id='word_1_167' title='bbox 2332 2201 2731 2250; x_wconf 87' lang='lat' dir='ltr'>sacramentum</span> <span class='ocrx_word' id='word_1_168' title='bbox 2788 2197 2877 2250; x_wconf 88' lang='lat' dir='ltr'>uel</span> <span class='ocrx_word' id='word_1_169' title='bbox 2921 2195 3136 2251; x_wconf 88' lang='lat' dir='ltr'>dederit</span> 
     </span>
     <span class='ocr_line' id='line_1_20' title="bbox 689 2294 3133 2363; baseline -0.001 -14"><span class='ocrx_word' id='word_1_170' title='bbox 689 2294 758 2350; x_wconf 90' lang='lat' dir='ltr'>de</span> <span class='ocrx_word' id='word_1_171' title='bbox 805 2309 936 2350; x_wconf 91' lang='lat' dir='ltr'>uere</span> <span class='ocrx_word' id='word_1_172' title='bbox 981 2294 1371 2350; x_wconf 83' lang='lat' dir='ltr'>uenerabilium</span> <span class='ocrx_word' id='word_1_173' title='bbox 1422 2299 1478 2349; x_wconf 89' lang='lat' dir='ltr'>et</span> <span class='ocrx_word' id='word_1_174' title='bbox 1522 2294 1813 2349; x_wconf 87' lang='lat' dir='ltr'>illustrium</span> <span class='ocrx_word' id='word_1_175' title='bbox 1864 2300 2170 2348; x_wconf 82' lang='lat' dir='ltr'>nost-rorum</span> <span class='ocrx_word' id='word_1_176' title='bbox 2210 2299 2268 2348; x_wconf 90' lang='lat' dir='ltr'>et</span> <span class='ocrx_word' id='word_1_177' title='bbox 2304 2294 2447 2348; x_wconf 86' lang='lat' dir='ltr'>sacri</span> <span class='ocrx_word' id='word_1_178' title='bbox 2487 2294 2718 2349; x_wconf 88' lang='lat' dir='ltr'>Romani</span> <span class='ocrx_word' id='word_1_179' title='bbox 2764 2294 2983 2363; x_wconf 90' lang='lat' dir='ltr'>Imperii</span> <span class='ocrx_word' id='word_1_180' title='bbox 3020 2298 3133 2348; x_wconf 88' lang='lat' dir='ltr'>tam</span> 
     </span>
     <span class='ocr_line' id='line_1_21' title="bbox 689 2391 3136 2462; baseline -0.001 -15"><span class='ocrx_word' id='word_1_181' title='bbox 689 2393 1178 2448; x_wconf 88' lang='lat' dir='ltr'>ecclesiasticorum</span> <span class='ocrx_word' id='word_1_182' title='bbox 1216 2408 1380 2462; x_wconf 87' lang='lat' dir='ltr'>quam</span> <span class='ocrx_word' id='word_1_183' title='bbox 1433 2392 1792 2447; x_wconf 85' lang='lat' dir='ltr'>saecularium</span> <span class='ocrx_word' id='word_1_184' title='bbox 1840 2391 2142 2461; x_wconf 87' lang='lat' dir='ltr'>principum</span> <span class='ocrx_word' id='word_1_185' title='bbox 2182 2392 2491 2446; x_wconf 84' lang='lat' dir='ltr'>Electorum</span> <span class='ocrx_word' id='word_1_186' title='bbox 2530 2406 2627 2450; x_wconf 88' lang='lat' dir='ltr'>seu</span> <span class='ocrx_word' id='word_1_187' title='bbox 2673 2392 2895 2446; x_wconf 88' lang='lat' dir='ltr'>alterius</span> <span class='ocrx_word' id='word_1_188' title='bbox 2943 2406 3136 2445; x_wconf 88' lang='lat' dir='ltr'>eorun-</span> 
     </span>
     <span class='ocr_line' id='line_1_22' title="bbox 690 2488 3137 2561; baseline -0.001 -16"><span class='ocrx_word' id='word_1_189' title='bbox 690 2490 814 2545; x_wconf 87' lang='lat' dir='ltr'>dem</span> <span class='ocrx_word' id='word_1_190' title='bbox 865 2495 1012 2556; x_wconf 89' lang='lat' dir='ltr'>(nam</span> <span class='ocrx_word' id='word_1_191' title='bbox 1069 2497 1125 2545; x_wconf 89' lang='lat' dir='ltr'>et</span> <span class='ocrx_word' id='word_1_192' title='bbox 1179 2492 1284 2561; x_wconf 90' lang='lat' dir='ltr'>ipsi</span> <span class='ocrx_word' id='word_1_193' title='bbox 1347 2505 1446 2559; x_wconf 85' lang='lat' dir='ltr'>par</span> <span class='ocrx_word' id='word_1_194' title='bbox 1495 2490 1737 2559; x_wconf 89' lang='lat' dir='ltr'>corporis</span> <span class='ocrx_word' id='word_1_195' title='bbox 1783 2490 1953 2544; x_wconf 90' lang='lat' dir='ltr'>nostri</span> <span class='ocrx_word' id='word_1_196' title='bbox 2022 2494 2170 2550; x_wconf 87' lang='lat' dir='ltr'>sunt)</span> <span class='ocrx_word' id='word_1_197' title='bbox 2226 2494 2331 2545; x_wconf 91' lang='lat' dir='ltr'>etc.</span> <span class='ocrx_word' id='word_1_198' title='bbox 2418 2488 2509 2544; x_wconf 89' lang='lat' dir='ltr'>Sic</span> <span class='ocrx_word' id='word_1_199' title='bbox 2556 2504 2741 2544; x_wconf 86' lang='lat' dir='ltr'>eorum</span> <span class='ocrx_word' id='word_1_200' title='bbox 2792 2490 2888 2559; x_wconf 90' lang='lat' dir='ltr'>qui</span> <span class='ocrx_word' id='word_1_201' title='bbox 2946 2504 3137 2543; x_wconf 89' lang='lat' dir='ltr'>secun·</span> 
     </span>
     <span class='ocr_line' id='line_1_23' title="bbox 697 2588 3129 2659; baseline -0.001 -15"><span class='ocrx_word' id='word_1_202' title='bbox 697 2589 826 2644; x_wconf 92' lang='lat' dir='ltr'>dum</span> <span class='ocrx_word' id='word_1_203' title='bbox 875 2589 1174 2644; x_wconf 86' lang='lat' dir='ltr'>Arcadium</span> <span class='ocrx_word' id='word_1_204' title='bbox 1221 2589 1476 2659; x_wconf 88' lang='lat' dir='ltr'>„consilio</span> <span class='ocrx_word' id='word_1_205' title='bbox 1525 2594 1582 2642; x_wconf 93' lang='lat' dir='ltr'>et</span> <span class='ocrx_word' id='word_1_206' title='bbox 1629 2589 1951 2653; x_wconf 88' lang='lat' dir='ltr'>consistorio</span> <span class='ocrx_word' id='word_1_207' title='bbox 1988 2589 2337 2658; x_wconf 90' lang='lat' dir='ltr'>imperatorio</span> <span class='ocrx_word' id='word_1_208' title='bbox 2386 2589 2689 2644; x_wconf 86' lang='lat' dir='ltr'>intersunt“</span> <span class='ocrx_word' id='word_1_209' title='bbox 2742 2589 2861 2643; x_wconf 92' lang='lat' dir='ltr'>loco</span> <span class='ocrx_word' id='word_1_210' title='bbox 2910 2588 3129 2658; x_wconf 89' lang='lat' dir='ltr'>quidem</span> 
     </span>
     <span class='ocr_line' id='line_1_24' title="bbox 701 2684 3139 2757; baseline -0.001 -15"><span class='ocrx_word' id='word_1_211' title='bbox 701 2687 972 2742; x_wconf 86' lang='lat' dir='ltr'>habentur</span> <span class='ocrx_word' id='word_1_212' title='bbox 1037 2693 1219 2756; x_wconf 87' lang='lat' dir='ltr'>tamen</span> <span class='ocrx_word' id='word_1_213' title='bbox 1275 2687 1436 2757; x_wconf 87' lang='lat' dir='ltr'>plane</span> <span class='ocrx_word' id='word_1_214' title='bbox 1498 2686 1682 2740; x_wconf 83' lang='lat' dir='ltr'>eximii</span> <span class='ocrx_word' id='word_1_215' title='bbox 1737 2684 1879 2740; x_wconf 90' lang='lat' dir='ltr'>fiunt</span> <span class='ocrx_word' id='word_1_216' title='bbox 1934 2687 2129 2740; x_wconf 80' lang='lat' dir='ltr'>celeris</span> <span class='ocrx_word' id='word_1_217' title='bbox 2184 2687 2505 2741; x_wconf 84' lang='lat' dir='ltr'>consiliariis</span> <span class='ocrx_word' id='word_1_218' title='bbox 2564 2702 2674 2741; x_wconf 90' lang='lat' dir='ltr'>non</span> <span class='ocrx_word' id='word_1_219' title='bbox 2729 2687 2921 2742; x_wconf 87' lang='lat' dir='ltr'>eodem</span> <span class='ocrx_word' id='word_1_220' title='bbox 2976 2684 3139 2741; x_wconf 91' lang='lat' dir='ltr'>modo</span> 
     </span>
     <span class='ocr_line' id='line_1_25' title="bbox 693 2785 937 2841; baseline -0.008 0"><span class='ocrx_word' id='word_1_221' title='bbox 693 2785 937 2841; x_wconf 83' lang='lat' dir='ltr'>saluatis.</span> 
     </span>
    </p>
   </div>
   <div class='ocr_carea' id='block_1_4' title="bbox 641 2881 3154 4721">
    <p class='ocr_par' dir='ltr' id='par_1_10' title="bbox 694 2881 3143 3445">
     <span class='ocr_line' id='line_1_26' title="bbox 872 2881 3134 2953; baseline -0.001 -15"><span class='ocrx_word' id='word_1_222' title='bbox 872 2884 917 2919; x_wconf 83' lang='lat'>¹⁶</span> <span class='ocrx_word' id='word_1_223' title='bbox 953 2883 1156 2938; x_wconf 82' lang='lat' dir='ltr'>Meiern</span> <span class='ocrx_word' id='word_1_224' title='bbox 1195 2883 1340 2937; x_wconf 88' lang='lat' dir='ltr'>Acta</span> <span class='ocrx_word' id='word_1_225' title='bbox 1384 2883 1536 2952; x_wconf 87' lang='lat' dir='ltr'>pacis</span> <span class='ocrx_word' id='word_1_226' title='bbox 1573 2881 1824 2953; x_wconf 88' lang='lat' dir='ltr'>Westph.</span> <span class='ocrx_word' id='word_1_227' title='bbox 1862 2882 1913 2951; x_wconf 92' lang='grc' dir='ltr'>Ι,</span> <span class='ocrx_word' id='word_1_228' title='bbox 1950 2898 2004 2952; x_wconf 88' lang='lat' dir='ltr'>p.</span> <span class='ocrx_word' id='word_1_229' title='bbox 2039 2881 2165 2952; x_wconf 80' lang='grc'><strong>444,</strong></span> <span class='ocrx_word' id='word_1_230' title='bbox 2208 2898 2297 2939; x_wconf 93' lang='lat' dir='ltr'>n0.</span> <span class='ocrx_word' id='word_1_231' title='bbox 2324 2883 2359 2938; x_wconf 96' lang='grc'><strong>8</strong></span> <span class='ocrx_word' id='word_1_232' title='bbox 2406 2883 2581 2938; x_wconf 90' lang='lat' dir='ltr'>solum</span> <span class='ocrx_word' id='word_1_233' title='bbox 2619 2882 2828 2938; x_wconf 86' lang='lat' dir='ltr'>Gallico</span> <span class='ocrx_word' id='word_1_234' title='bbox 2865 2882 3017 2952; x_wconf 80' lang='lat' dir='ltr'>pacis</span> <span class='ocrx_word' id='word_1_235' title='bbox 3054 2882 3134 2936; x_wconf 89' lang='lat' dir='ltr'>in·</span> 
     </span>
     <span class='ocr_line' id='line_1_27' title="bbox 694 2981 3139 3050; baseline -0.001 -14"><span class='ocrx_word' id='word_1_236' title='bbox 694 2986 998 3037; x_wconf 86' lang='lat' dir='ltr'>strumento</span> <span class='ocrx_word' id='word_1_237' title='bbox 1043 2986 1192 3037; x_wconf 89' lang='lat' dir='ltr'>recte</span> <span class='ocrx_word' id='word_1_238' title='bbox 1228 2982 1607 3036; x_wconf 77' lang='lat' dir='ltr'>souverainete</span> <span class='ocrx_word' id='word_1_239' title='bbox 1653 2981 1762 3035; x_wconf 91' lang='lat' dir='ltr'>iam</span> <span class='ocrx_word' id='word_1_240' title='bbox 1814 2981 1951 3035; x_wconf 89' lang='grc'><strong>1648</strong></span> <span class='ocrx_word' id='word_1_241' title='bbox 1988 2996 2037 3035; x_wconf 89' lang='lat' dir='ltr'>a.</span> <span class='ocrx_word' id='word_1_242' title='bbox 2077 2984 2321 3037; x_wconf 88' lang='lat' dir='ltr'>utuntur.</span> <span class='ocrx_word' id='word_1_243' title='bbox 2394 2981 2536 3038; x_wconf 90' lang='lat' dir='ltr'>Noui</span> <span class='ocrx_word' id='word_1_244' title='bbox 2581 2981 2714 3050; x_wconf 91' lang='lat' dir='ltr'>quid</span> <span class='ocrx_word' id='word_1_245' title='bbox 2762 2996 2828 3035; x_wconf 87' lang='lat' dir='ltr'>ex</span> <span class='ocrx_word' id='word_1_246' title='bbox 2877 2984 2993 3036; x_wconf 89' lang='lat' dir='ltr'>toto</span> <span class='ocrx_word' id='word_1_247' title='bbox 3042 2994 3139 3048; x_wconf 89' lang='lat' dir='ltr'>per</span> 
     </span>
     <span class='ocr_line' id='line_1_28' title="bbox 696 3077 3140 3152; baseline -0.002 -16"><span class='ocrx_word' id='word_1_248' title='bbox 696 3081 928 3136; x_wconf 90' lang='lat' dir='ltr'>nominis</span> <span class='ocrx_word' id='word_1_249' title='bbox 983 3079 1466 3152; x_wconf 87' lang='lat' dir='ltr'>„superioritatis“</span> <span class='ocrx_word' id='word_1_250' title='bbox 1529 3079 1584 3134; x_wconf 92' lang='lat' dir='ltr'>in</span> <span class='ocrx_word' id='word_1_251' title='bbox 1637 3094 1837 3134; x_wconf 90' lang='lat' dir='ltr'>nomen</span> <span class='ocrx_word' id='word_1_252' title='bbox 1890 3079 2343 3148; x_wconf 86' lang='lat' dir='ltr'>„supremitatis“</span> <span class='ocrx_word' id='word_1_253' title='bbox 2394 3095 2537 3134; x_wconf 85' lang='lat' dir='ltr'>anno</span> <span class='ocrx_word' id='word_1_254' title='bbox 2576 3080 2714 3134; x_wconf 92' lang='grc'><strong>1806</strong></span> <span class='ocrx_word' id='word_1_255' title='bbox 2760 3077 2965 3134; x_wconf 85' lang='lat' dir='ltr'>factum</span> <span class='ocrx_word' id='word_1_256' title='bbox 3016 3093 3140 3132; x_wconf 89' lang='lat' dir='ltr'>esse</span> 
     </span>
     <span class='ocr_line' id='line_1_29' title="bbox 696 3176 3142 3249; baseline -0.002 -15"><span class='ocrx_word' id='word_1_257' title='bbox 696 3179 935 3249; x_wconf 86' lang='lat' dir='ltr'>practice</span> <span class='ocrx_word' id='word_1_258' title='bbox 981 3193 1078 3248; x_wconf 87' lang='lat' dir='ltr'>per</span> <span class='ocrx_word' id='word_1_259' title='bbox 1125 3177 1493 3247; x_wconf 84' lang='lat' dir='ltr'>Virtembergi</span> <span class='ocrx_word' id='word_1_260' title='bbox 1539 3179 1809 3232; x_wconf 88' lang='lat' dir='ltr'>Bauariae</span> <span class='ocrx_word' id='word_1_261' title='bbox 1854 3177 2123 3232; x_wconf 86' lang='lat' dir='ltr'>internam</span> <span class='ocrx_word' id='word_1_262' title='bbox 2172 3192 2351 3231; x_wconf 87' lang='lat' dir='ltr'>rer-um</span> <span class='ocrx_word' id='word_1_263' title='bbox 2400 3178 2787 3246; x_wconf 86' lang='lat' dir='ltr'>mutationem,</span> <span class='ocrx_word' id='word_1_264' title='bbox 2842 3176 3142 3231; x_wconf 82' lang='lat' dir='ltr'>theoretice</span> 
     </span>
     <span class='ocr_line' id='line_1_30' title="bbox 695 3274 3143 3349; baseline -0.002 -17"><span class='ocrx_word' id='word_1_265' title='bbox 695 3293 794 3349; x_wconf 91' lang='lat' dir='ltr'>per</span> <span class='ocrx_word' id='word_1_266' title='bbox 831 3278 960 3332; x_wconf 91' lang='lat' dir='ltr'>Ber</span> <span class='ocrx_word' id='word_1_267' title='bbox 971 3293 1036 3346; x_wconf 86' lang='lat' dir='ltr'>g:</span> <span class='ocrx_word' id='word_1_268' title='bbox 1088 3276 1527 3345; x_wconf 87' lang='lat' dir='ltr'>Abhandlungen</span> <span class='ocrx_word' id='word_1_269' title='bbox 1578 3292 1675 3330; x_wconf 86' lang='lat' dir='ltr'>zur</span> <span class='ocrx_word' id='word_1_270' title='bbox 1711 3277 2077 3344; x_wconf 78' lang='lat' dir='ltr'>Erliiuterung</span> <span class='ocrx_word' id='word_1_271' title='bbox 2123 3275 2220 3329; x_wconf 89' lang='lat' dir='ltr'>der</span> <span class='ocrx_word' id='word_1_272' title='bbox 2256 3275 2596 3331; x_wconf 88' lang='lat' dir='ltr'>rheinischen</span> <span class='ocrx_word' id='word_1_273' title='bbox 2635 3274 2983 3330; x_wconf 82' lang='lat' dir='ltr'>Bundesacte</span> <span class='ocrx_word' id='word_1_274' title='bbox 3020 3289 3143 3344; x_wconf 88' lang='lat' dir='ltr'>pas·</span> 
     </span>
     <span class='ocr_line' id='line_1_31' title="bbox 698 3374 1562 3445; baseline -0.001 -14"><span class='ocrx_word' id='word_1_275' title='bbox 698 3377 801 3431; x_wconf 88' lang='lat' dir='ltr'>sim</span> <span class='ocrx_word' id='word_1_276' title='bbox 838 3374 1171 3445; x_wconf 85' lang='lat' dir='ltr'>refelluntur,</span> <span class='ocrx_word' id='word_1_277' title='bbox 1210 3375 1302 3445; x_wconf 89' lang='lat' dir='ltr'>qui</span> <span class='ocrx_word' id='word_1_278' title='bbox 1341 3380 1562 3444; x_wconf 84' lang='lat' dir='ltr'>negant.</span> 
     </span>
    </p>

    <p class='ocr_par' dir='ltr' id='par_1_11' title="bbox 641 3469 3146 3935">
     <span class='ocr_line' id='line_1_32' title="bbox 876 3469 3139 3542; baseline -0.001 -14"><span class='ocrx_word' id='word_1_279' title='bbox 876 3476 918 3510; x_wconf 80' lang='lat'>¹⁷</span> <span class='ocrx_word' id='word_1_280' title='bbox 955 3474 1250 3528; x_wconf 87' lang='lat' dir='ltr'>Limnaeus</span> <span class='ocrx_word' id='word_1_281' title='bbox 1285 3473 1378 3527; x_wconf 89' lang='lat' dir='ltr'>lus</span> <span class='ocrx_word' id='word_1_282' title='bbox 1426 3471 1573 3542; x_wconf 89' lang='lat' dir='ltr'>publ.</span> <span class='ocrx_word' id='word_1_283' title='bbox 1612 3471 1831 3541; x_wconf 89' lang='lat' dir='ltr'>Imperii</span> <span class='ocrx_word' id='word_1_284' title='bbox 1867 3471 2025 3526; x_wconf 87' lang='lat' dir='ltr'>Rom.</span> <span class='ocrx_word' id='word_1_285' title='bbox 2064 3469 2247 3525; x_wconf 84' lang='lat' dir='ltr'>Germ.</span> <span class='ocrx_word' id='word_1_286' title='bbox 2287 3471 2313 3524; x_wconf 95' lang='lat' dir='ltr'>I</span> <span class='ocrx_word' id='word_1_287' title='bbox 2350 3486 2397 3527; x_wconf 93' lang='lat' dir='ltr'>c.</span> <span class='ocrx_word' id='word_1_288' title='bbox 2442 3473 2524 3527; x_wconf 88' lang='grc'>16.</span> <span class='ocrx_word' id='word_1_289' title='bbox 2581 3471 2871 3540; x_wconf 86' lang='lat' dir='ltr'>Imperium</span> <span class='ocrx_word' id='word_1_290' title='bbox 2912 3471 3139 3526; x_wconf 88' lang='lat' dir='ltr'>mixtum</span> 
     </span>
     <span class='ocr_line' id='line_1_33' title="bbox 641 3568 3145 3627; baseline -0.002 0"><span class='ocrx_word' id='word_1_291' title='bbox 641 3597 646 3601; x_wconf 94' lang='lat'>·</span> <span class='ocrx_word' id='word_1_292' title='bbox 699 3587 768 3627; x_wconf 84' lang='lat' dir='ltr'>ex</span> <span class='ocrx_word' id='word_1_293' title='bbox 805 3571 1117 3627; x_wconf 82' lang='lat' dir='ltr'>monarchia</span> <span class='ocrx_word' id='word_1_294' title='bbox 1155 3575 1211 3624; x_wconf 93' lang='lat' dir='ltr'>et</span> <span class='ocrx_word' id='word_1_295' title='bbox 1247 3570 1589 3625; x_wconf 82' lang='lat' dir='ltr'>aristocratia</span> <span class='ocrx_word' id='word_1_296' title='bbox 1625 3568 1951 3623; x_wconf 86' lang='lat' dir='ltr'>arbitremur</span> <span class='ocrx_word' id='word_1_297' title='bbox 1988 3569 2066 3623; x_wconf 91' lang='lat' dir='ltr'>ita</span> <span class='ocrx_word' id='word_1_298' title='bbox 2101 3574 2287 3624; x_wconf 88' lang='lat' dir='ltr'>tamen</span> <span class='ocrx_word' id='word_1_299' title='bbox 2312 3574 2374 3623; x_wconf 89' lang='lat' dir='ltr'>ut</span> <span class='ocrx_word' id='word_1_300' title='bbox 2408 3570 2803 3624; x_wconf 88' lang='lat' dir='ltr'>aristocratiam</span> <span class='ocrx_word' id='word_1_301' title='bbox 2829 3575 3013 3624; x_wconf 83' lang='lat' dir='ltr'>tamen</span> <span class='ocrx_word' id='word_1_302' title='bbox 3038 3569 3145 3624; x_wconf 90' lang='lat' dir='ltr'>cla-</span> 
     </span>
     <span class='ocr_line' id='line_1_34' title="bbox 699 3667 3145 3740; baseline -0.002 -15"><span class='ocrx_word' id='word_1_303' title='bbox 699 3670 816 3725; x_wconf 84' lang='lat' dir='ltr'>rius</span> <span class='ocrx_word' id='word_1_304' title='bbox 850 3685 1113 3740; x_wconf 87' lang='lat' dir='ltr'>apparere</span> <span class='ocrx_word' id='word_1_305' title='bbox 1157 3673 1480 3724; x_wconf 66' lang='lat' dir='ltr'>statuamus</span> <span class='ocrx_word' id='word_1_306' title='bbox 1540 3667 1787 3721; x_wconf 89' lang='lat' dir='ltr'>Bodinus</span> <span class='ocrx_word' id='word_1_307' title='bbox 1825 3667 1909 3721; x_wconf 90' lang='lat' dir='ltr'>De</span> <span class='ocrx_word' id='word_1_308' title='bbox 1946 3683 2062 3736; x_wconf 89' lang='lat' dir='ltr'>rep.</span> <span class='ocrx_word' id='word_1_309' title='bbox 2101 3668 2150 3737; x_wconf 92' lang='lat'>1,</span> <span class='ocrx_word' id='word_1_310' title='bbox 2203 3684 2255 3738; x_wconf 89' lang='lat' dir='ltr'>p.</span> <span class='ocrx_word' id='word_1_311' title='bbox 2282 3669 2405 3724; x_wconf 83' lang='lat'>260.</span> <span class='ocrx_word' id='word_1_312' title='bbox 2458 3668 2537 3722; x_wconf 91' lang='lat' dir='ltr'>At</span> <span class='ocrx_word' id='word_1_313' title='bbox 2572 3683 2641 3722; x_wconf 90' lang='lat' dir='ltr'>ne</span> <span class='ocrx_word' id='word_1_314' title='bbox 2678 3667 2890 3737; x_wconf 90' lang='lat' dir='ltr'>imperii</span> <span class='ocrx_word' id='word_1_315' title='bbox 2926 3667 3145 3736; x_wconf 91' lang='lat' dir='ltr'>quidem</span> 
     </span>
     <span class='ocr_line' id='line_1_35' title="bbox 701 3765 3146 3837; baseline -0.002 -15"><span class='ocrx_word' id='word_1_316' title='bbox 701 3767 1012 3823; x_wconf 81' lang='lat' dir='ltr'>Germanici</span> <span class='ocrx_word' id='word_1_317' title='bbox 1059 3767 1359 3837; x_wconf 82' lang='lat' dir='ltr'>Imperator</span> <span class='ocrx_word' id='word_1_318' title='bbox 1410 3781 1509 3836; x_wconf 88' lang='lat' dir='ltr'>per</span> <span class='ocrx_word' id='word_1_319' title='bbox 1551 3765 1684 3820; x_wconf 88' lang='lat' dir='ltr'>Sese</span> <span class='ocrx_word' id='word_1_320' title='bbox 1733 3765 1855 3820; x_wconf 88' lang='lat' dir='ltr'>iura</span> <span class='ocrx_word' id='word_1_321' title='bbox 1900 3765 2201 3820; x_wconf 86' lang='lat' dir='ltr'>maiestatis</span> <span class='ocrx_word' id='word_1_322' title='bbox 2250 3765 2440 3835; x_wconf 86' lang='lat' dir='ltr'>habet,</span> <span class='ocrx_word' id='word_1_323' title='bbox 2500 3766 2603 3820; x_wconf 90' lang='lat' dir='ltr'>nisi</span> <span class='ocrx_word' id='word_1_324' title='bbox 2650 3765 2868 3820; x_wconf 85' lang='lat' dir='ltr'>aliunde</span> <span class='ocrx_word' id='word_1_325' title='bbox 2916 3779 3146 3834; x_wconf 88' lang='lat' dir='ltr'>regnum</span> 
     </span>
     <span class='ocr_line' id='line_1_36' title="bbox 702 3860 2155 3935; baseline -0.002 -14"><span class='ocrx_word' id='word_1_326' title='bbox 702 3867 849 3922; x_wconf 90' lang='lat' dir='ltr'>omni</span> <span class='ocrx_word' id='word_1_327' title='bbox 885 3865 1151 3935; x_wconf 87' lang='lat' dir='ltr'>obsequio</span> <span class='ocrx_word' id='word_1_328' title='bbox 1189 3881 1254 3920; x_wconf 87' lang='lat' dir='ltr'>ac</span> <span class='ocrx_word' id='word_1_329' title='bbox 1287 3863 1492 3918; x_wconf 86' lang='lat' dir='ltr'>fiducia</span> <span class='ocrx_word' id='word_1_330' title='bbox 1518 3860 1754 3918; x_wconf 90' lang='lat' dir='ltr'>liberum</span> <span class='ocrx_word' id='word_1_331' title='bbox 1804 3863 2155 3933; x_wconf 84' lang='lat' dir='ltr'>adipiscatur.</span> 
     </span>
    </p>

    <p class='ocr_par' dir='ltr' id='par_1_12' title="bbox 704 3959 3154 4621">
     <span class='ocr_line' id='line_1_37' title="bbox 884 3959 3149 4033; baseline -0.001 -16"><span class='ocrx_word' id='word_1_332' title='bbox 884 3966 927 4000; x_wconf 78' lang='lat'>¹⁸</span> <span class='ocrx_word' id='word_1_333' title='bbox 966 3964 1157 4032; x_wconf 89' lang='lat' dir='ltr'>ltaque</span> <span class='ocrx_word' id='word_1_334' title='bbox 1193 3969 1256 4018; x_wconf 96' lang='lat' dir='ltr'>ut</span> <span class='ocrx_word' id='word_1_335' title='bbox 1300 3963 1536 4018; x_wconf 82' lang='lat' dir='ltr'>diximus</span> <span class='ocrx_word' id='word_1_336' title='bbox 1586 3963 1747 4033; x_wconf 84' lang='lat' dir='ltr'>plane</span> <span class='ocrx_word' id='word_1_337' title='bbox 1798 3963 1973 4017; x_wconf 89' lang='lat' dir='ltr'>simile</span> <span class='ocrx_word' id='word_1_338' title='bbox 2019 3963 2347 4017; x_wconf 87' lang='lat' dir='ltr'>contrarium</span> <span class='ocrx_word' id='word_1_339' title='bbox 2386 3959 2877 4017; x_wconf 83' lang='lat' dir='ltr'>confoederationis</span> <span class='ocrx_word' id='word_1_340' title='bbox 2914 3961 3149 4015; x_wconf 86' lang='lat' dir='ltr'>Franco-</span> 
     </span>
     <span class='ocr_line' id='line_1_38' title="bbox 704 4059 3154 4131; baseline -0.001 -14"><span class='ocrx_word' id='word_1_341' title='bbox 704 4061 989 4131; x_wconf 68' lang='lat' dir='ltr'>funensis,</span> <span class='ocrx_word' id='word_1_342' title='bbox 1039 4063 1093 4116; x_wconf 90' lang='lat' dir='ltr'>in</span> <span class='ocrx_word' id='word_1_343' title='bbox 1131 4075 1242 4130; x_wconf 87' lang='lat' dir='ltr'>qua</span> <span class='ocrx_word' id='word_1_344' title='bbox 1278 4060 1421 4116; x_wconf 88' lang='lat' dir='ltr'>duae</span> <span class='ocrx_word' id='word_1_345' title='bbox 1458 4075 1704 4116; x_wconf 87' lang='lat' dir='ltr'>summae</span> <span class='ocrx_word' id='word_1_346' title='bbox 1741 4065 2046 4130; x_wconf 86' lang='lat' dir='ltr'>potestates</span> <span class='ocrx_word' id='word_1_347' title='bbox 2084 4061 2407 4115; x_wconf 84' lang='lat' dir='ltr'>coniunctae</span> <span class='ocrx_word' id='word_1_348' title='bbox 2444 4061 2561 4113; x_wconf 89' lang='lat' dir='ltr'>sine</span> <span class='ocrx_word' id='word_1_349' title='bbox 2597 4059 2953 4127; x_wconf 90' lang='lat' dir='ltr'>praedominii</span> <span class='ocrx_word' id='word_1_350' title='bbox 2989 4059 3154 4114; x_wconf 87' lang='lat' dir='ltr'>titulo</span> 
     </span>
     <span class='ocr_line' id='line_1_39' title="bbox 705 4157 3150 4232; baseline -0 -17"><span class='ocrx_word' id='word_1_351' title='bbox 705 4175 971 4232; x_wconf 87' lang='lat' dir='ltr'>persaepe</span> <span class='ocrx_word' id='word_1_352' title='bbox 1026 4159 1209 4214; x_wconf 87' lang='lat' dir='ltr'>omnia</span> <span class='ocrx_word' id='word_1_353' title='bbox 1265 4158 1656 4229; x_wconf 87' lang='lat' dir='ltr'>perpetrabant</span> <span class='ocrx_word' id='word_1_354' title='bbox 1707 4165 1764 4214; x_wconf 90' lang='lat' dir='ltr'>et</span> <span class='ocrx_word' id='word_1_355' title='bbox 1809 4159 1970 4229; x_wconf 91' lang='lat' dir='ltr'>plane</span> <span class='ocrx_word' id='word_1_356' title='bbox 2018 4159 2277 4213; x_wconf 85' lang='lat' dir='ltr'>maiestas</span> <span class='ocrx_word' id='word_1_357' title='bbox 2328 4157 2384 4214; x_wconf 89' lang='lat' dir='ltr'>S.</span> <span class='ocrx_word' id='word_1_358' title='bbox 2425 4157 2484 4212; x_wconf 84' lang='lat' dir='ltr'>G.</span> <span class='ocrx_word' id='word_1_359' title='bbox 2541 4171 2739 4211; x_wconf 89' lang='lat' dir='ltr'>nomen</span> <span class='ocrx_word' id='word_1_360' title='bbox 2788 4157 2963 4212; x_wconf 92' lang='lat' dir='ltr'>solum</span> <span class='ocrx_word' id='word_1_361' title='bbox 3014 4163 3150 4214; x_wconf 88' lang='lat' dir='ltr'>erat.</span> 
     </span>
     <span class='ocr_line' id='line_1_40' title="bbox 705 4253 3147 4324; baseline -0.002 -9"><span class='ocrx_word' id='word_1_362' title='bbox 705 4259 864 4315; x_wconf 82' lang='lat' dir='ltr'>Nunc</span> <span class='ocrx_word' id='word_1_363' title='bbox 901 4257 1121 4312; x_wconf 87' lang='lat' dir='ltr'>demum</span> <span class='ocrx_word' id='word_1_364' title='bbox 1147 4257 1202 4312; x_wconf 89' lang='lat' dir='ltr'>in</span> <span class='ocrx_word' id='word_1_365' title='bbox 1228 4257 1522 4313; x_wconf 86' lang='lat' dir='ltr'>Germania</span> <span class='ocrx_word' id='word_1_366' title='bbox 1544 4263 1694 4312; x_wconf 89' lang='lat' dir='ltr'>recte</span> <span class='ocrx_word' id='word_1_367' title='bbox 1732 4257 1971 4312; x_wconf 75' lang='lat' dir='ltr'>medium</span> <span class='ocrx_word' id='word_1_368' title='bbox 2008 4261 2223 4310; x_wconf 89' lang='lat' dir='ltr'>tenetur</span> <span class='ocrx_word' id='word_1_369' title='bbox 2261 4261 2316 4310; x_wconf 86' lang='lat' dir='ltr'>et</span> <span class='ocrx_word' id='word_1_370' title='bbox 2341 4255 2561 4310; x_wconf 91' lang='lat' dir='ltr'>nomina</span> <span class='ocrx_word' id='word_1_371' title='bbox 2597 4255 2676 4309; x_wconf 91' lang='lat' dir='ltr'>rei</span> <span class='ocrx_word' id='word_1_372' title='bbox 2704 4253 3013 4324; x_wconf 84' lang='lat' dir='ltr'>adaequata</span> <span class='ocrx_word' id='word_1_373' title='bbox 3036 4255 3072 4311; x_wconf 91' lang='lat' dir='ltr'>i.</span> <span class='ocrx_word' id='word_1_374' title='bbox 3099 4269 3147 4312; x_wconf 87' lang='lat' dir='ltr'>e.</span> 
     </span>
     <span class='ocr_line' id='line_1_41' title="bbox 708 4352 3152 4430; baseline -0.002 -18"><span class='ocrx_word' id='word_1_375' title='bbox 708 4357 910 4430; x_wconf 85' lang='lat' dir='ltr'>duplex</span> <span class='ocrx_word' id='word_1_376' title='bbox 935 4357 1193 4411; x_wconf 86' lang='lat' dir='ltr'>maiestas</span> <span class='ocrx_word' id='word_1_377' title='bbox 1228 4357 1518 4413; x_wconf 87' lang='lat' dir='ltr'>inuenitur.</span> <span class='ocrx_word' id='word_1_378' title='bbox 1575 4356 1821 4410; x_wconf 91' lang='lat' dir='ltr'>Bodinus</span> <span class='ocrx_word' id='word_1_379' title='bbox 1857 4355 1940 4408; x_wconf 90' lang='lat' dir='ltr'>De</span> <span class='ocrx_word' id='word_1_380' title='bbox 1979 4354 2141 4423; x_wconf 89' lang='lat' dir='ltr'>rep.I</span> <span class='ocrx_word' id='word_1_381' title='bbox 2179 4370 2225 4408; x_wconf 92' lang='lat' dir='ltr'>c.</span> <span class='ocrx_word' id='word_1_382' title='bbox 2253 4355 2316 4407; x_wconf 91' lang='grc'>10</span> <span class='ocrx_word' id='word_1_383' title='bbox 2345 4353 2598 4408; x_wconf 85' lang='lat' dir='ltr'>ciuitates</span> <span class='ocrx_word' id='word_1_384' title='bbox 2629 4352 2985 4408; x_wconf 86' lang='lat' dir='ltr'>Germanicas</span> <span class='ocrx_word' id='word_1_385' title='bbox 3022 4353 3152 4421; x_wconf 89' lang='lat' dir='ltr'>quia</span> 
     </span>
     <span class='ocr_line' id='line_1_42' title="bbox 709 4450 3151 4524; baseline -0.003 -13"><span class='ocrx_word' id='word_1_386' title='bbox 709 4472 742 4510; x_wconf 90' lang='lat' dir='ltr'>a</span> <span class='ocrx_word' id='word_1_387' title='bbox 781 4455 1010 4511; x_wconf 89' lang='lat' dir='ltr'>concilio</span> <span class='ocrx_word' id='word_1_388' title='bbox 1046 4455 1199 4524; x_wconf 87' lang='lat' dir='ltr'>leges</span> <span class='ocrx_word' id='word_1_389' title='bbox 1236 4455 1547 4524; x_wconf 85' lang='lat' dir='ltr'>acciperent-</span> <span class='ocrx_word' id='word_1_390' title='bbox 1585 4453 1889 4507; x_wconf 86' lang='lat' dir='ltr'>maiestatis</span> <span class='ocrx_word' id='word_1_391' title='bbox 1926 4455 2045 4505; x_wconf 87' lang='lat' dir='ltr'>iura</span> <span class='ocrx_word' id='word_1_392' title='bbox 2081 4467 2187 4506; x_wconf 92' lang='lat' dir='ltr'>non</span> <span class='ocrx_word' id='word_1_393' title='bbox 2226 4450 2427 4506; x_wconf 86' lang='lat' dir='ltr'>habere</span> <span class='ocrx_word' id='word_1_394' title='bbox 2464 4450 2617 4520; x_wconf 85' lang='lat' dir='ltr'>dixit,</span> <span class='ocrx_word' id='word_1_395' title='bbox 2656 4455 2846 4505; x_wconf 87' lang='lat' dir='ltr'>contra</span> <span class='ocrx_word' id='word_1_396' title='bbox 2874 4451 3151 4506; x_wconf 86' lang='lat' dir='ltr'>Heluetio-</span> 
     </span>
     <span class='ocr_line' id='line_1_43' title="bbox 709 4552 1776 4621; baseline -0.006 -10"><span class='ocrx_word' id='word_1_397' title='bbox 709 4571 828 4611; x_wconf 88' lang='lat' dir='ltr'>rum</span> <span class='ocrx_word' id='word_1_398' title='bbox 866 4555 1118 4609; x_wconf 87' lang='lat' dir='ltr'>ciuitates</span> <span class='ocrx_word' id='word_1_399' title='bbox 1154 4552 1355 4607; x_wconf 88' lang='lat' dir='ltr'>habere</span> <span class='ocrx_word' id='word_1_400' title='bbox 1393 4552 1446 4607; x_wconf 90' lang='lat' dir='ltr'>d.</span> <span class='ocrx_word' id='word_1_401' title='bbox 1484 4567 1599 4621; x_wconf 89' lang='lat' dir='ltr'>rep.</span> <span class='ocrx_word' id='word_1_402' title='bbox 1638 4566 1686 4607; x_wconf 93' lang='lat' dir='ltr'>c.</span> <span class='ocrx_word' id='word_1_403' title='bbox 1725 4553 1776 4606; x_wconf 89' lang='lat'>6.</span> 
     </span>
    </p>

    <p class='ocr_par' dir='ltr' id='par_1_13' title="bbox 891 4643 3151 4721">
     <span class='ocr_line' id='line_1_44' title="bbox 891 4643 3151 4721; baseline -0.004 -13"><span class='ocrx_word' id='word_1_404' title='bbox 891 4655 931 4689; x_wconf 81' lang='lat'>¹⁹</span> <span class='ocrx_word' id='word_1_405' title='bbox 970 4652 1031 4708; x_wconf 92' lang='grc' dir='ltr'>Ο.</span> <span class='ocrx_word' id='word_1_406' title='bbox 1053 4650 1278 4721; x_wconf 87' lang='lat' dir='ltr'>Stobbe‚</span> <span class='ocrx_word' id='word_1_407' title='bbox 1309 4651 1377 4706; x_wconf 90' lang='lat' dir='ltr'>H.</span> <span class='ocrx_word' id='word_1_408' title='bbox 1397 4650 1642 4719; x_wconf 68' lang='lat' dir='ltr'>coming,</span> <span class='ocrx_word' id='word_1_409' title='bbox 1668 4647 2105 4704; x_wconf 86' lang='lat' dir='ltr'>Rectoratsrcde.</span> <span class='ocrx_word' id='word_1_410' title='bbox 2131 4648 2313 4702; x_wconf 89' lang='lat' dir='ltr'>Berlin</span> <span class='ocrx_word' id='word_1_411' title='bbox 2335 4649 2488 4716; x_wconf 83' lang='grc'><strong>1870,</strong></span> <span class='ocrx_word' id='word_1_412' title='bbox 2513 4665 2566 4717; x_wconf 89' lang='lat' dir='ltr'>p.</span> <span class='ocrx_word' id='word_1_413' title='bbox 2588 4649 2675 4702; x_wconf 83' lang='lat'>20.</span> <span class='ocrx_word' id='word_1_414' title='bbox 2692 4647 2790 4716; x_wconf 80' lang='lat'>403</span> <span class='ocrx_word' id='word_1_415' title='bbox 2826 4646 2916 4702; x_wconf 84' lang='lat' dir='ltr'>Fr.</span> <span class='ocrx_word' id='word_1_416' title='bbox 2931 4643 3151 4715; x_wconf 85' lang='lat' dir='ltr'>Weber,</span> 
     </span>
    </p>
   </div>
   <div class='ocr_carea' id='block_1_5' title="bbox 3530 410 3559 2247">
    <p class='ocr_par' dir='ltr' id='par_1_14' title="bbox 3530 410 3559 2247">
     <span class='ocr_line' id='line_1_45' title="bbox 3530 410 3559 2247; baseline 0 0"><span class='ocrx_word' id='word_1_417' title='bbox 3530 410 3559 2247; x_wconf 95' lang='lat' dir='ltr'> </span> 
     </span>
    </p>
   </div>
   <div class='ocr_carea' id='block_1_6' title="bbox 3524 2394 3559 5145">
    <p class='ocr_par' dir='ltr' id='par_1_15' title="bbox 3524 2394 3559 5145">
     <span class='ocr_line' id='line_1_46' title="bbox 3524 2394 3559 5145; baseline 0 0"><span class='ocrx_word' id='word_1_418' title='bbox 3524 2394 3559 5145; x_wconf 95' lang='lat' dir='ltr'> </span> 
     </span>
    </p>
   </div>
  </div>
 </body>
</html>
