3559 5175
1889 334 1973 397 28

707 513 806 573 ret
854 507 1093 573 scilicet
1141 528 1304 574 anno
1358 509 1526 575 1648
1573 509 1843 573 foederis
1898 510 1965 574 in
2022 509 2289 573 formam
2341 507 2656 573 redactum
2716 510 2883 589 erat,
2940 511 3163 571 tamen

709 623 992 690 obsoleta
1038 614 1338 709 compage
1384 625 1632 690 unitum
1678 626 1768 691 ita
1812 631 1885 690 ut
1929 622 2309 709 reipublicae
2340 627 2664 688 concretae
2700 622 2969 707 speciem
3002 641 3163 707 pas-

709 739 828 805 sim
897 740 1230 822 retineret,
1298 740 1497 805 nostri
1566 741 1871 825 temporis
1928 739 2285 806 foederibus
2352 739 2480 803 iam
2545 757 2695 803 uero
2754 735 3159 821 Germaniae,

709 874 869 937 quae
917 874 1082 920 nunc
1129 860 1250 937 est,
1295 856 1648 939 comparari
1695 875 1821 920 non
1868 860 2093 941 potest.
2168 853 2468 919 Attamen
2515 854 2582 917 in
2629 853 2747 918 hoc
2791 851 2982 917 Sacro
3022 852 3157 917 Im-

707 970 882 1053 perio
939 970 1253 1054 Romano,
1323 970 1488 1056 quod
1550 972 1917 1053 uocabatur,
1978 970 2261 1036 umbram
2324 968 2573 1053 quidem
2633 968 2980 1035 maiestatis
3036 969 3160 1035 du-

707 1084 888 1169 plicis
903 1080 944 1113 ¹⁵
1001 1086 1440 1171 conspicimus.
1541 1085 1795 1152 Etenim
1854 1106 1968 1171 per
2025 1105 2242 1169 pacem
2302 1082 2810 1169 Guestphalicam
2874 1084 3156 1166 singulo-

689 1218 846 1275 ·rum
893 1201 1352 1266 territoriorum
1400 1202 1841 1287 superioritas,
1889 1221 2050 1285 quae
2094 1200 2459 1283 uocabatur,
2506 1200 2845 1265 constituta
2893 1204 3009 1282 est,
3057 1199 3155 1265 ita

707 1320 777 1379 ut
823 1315 900 1381 ab
947 1316 1062 1381 hoc
1107 1321 1388 1402 tempore
1433 1317 1695 1383 totidem
1739 1317 2069 1382 ciuitatum
2118 1316 2511 1381 maiestatem
2556 1315 2623 1380 111
2656 1313 2995 1379 Germania
3040 1314 3156 1380 de·
3192 1390 3197 1392 λ

706 1428 944 1495 clarare
991 1440 1326 1515 possemus⁴
1363 1432 1484 1497 nisi
1532 1434 1860 1499 maiestate
1907 1431 2023 1497 hoc
2052 1431 2306 1495 nomine
2354 1450 2654 1515 expressa
2672 1424 2715 1458 ¹⁶
2764 1450 2925 1495 auno
2978 1431 3153 1495 1803

706 1536 935 1601 iterum
983 1538 1132 1602 noui
1188 1538 1336 1622 quid
1392 1540 1629 1604 factum
1692 1560 1829 1605 esse
1887 1561 2000 1626 per
2044 1567 2145 1611 res
2203 1546 2319 1611 hac
2365 1546 2442 1611 de
2489 1564 2677 1611 causa
2724 1546 2785 1609 in
2837 1545 3151 1629 potentio-

707 1651 880 1717 ribus
913 1650 1286 1719 Germaniae
1331 1655 1758 1720 meridionalis
1806 1659 2175 1727 ciuitatibus·
2208 1667 2472 1726 nouatas
2520 1660 2908 1746 probaretur.
2980 1660 3154 1743 Age-

707 1767 856 1831 dum
915 1768 970 1831 si
1028 1769 1413 1851 singularum
1474 1772 1801 1838 ciuitatum
1865 1775 2032 1840 intra
2090 1796 2283 1841 annos
2350 1776 2517 1841 1648
2584 1796 2781 1861 usque
2838 1777 2917 1841 ad
2982 1778 3153 1841 1806

703 1902 906 1966 paene
936 1884 1231 1949 maiestas
1264 1886 1456 1951 fuisse
1485 1888 1550 1951 111
1583 1886 1925 1956 Germania
1957 1892 2223 1975 uidetur,
2272 1894 2620 1958 communis
2653 1892 2983 1977 potestatis
3014 1892 3055 1955 i.
3094 1912 3149 1957 e.

705 1998 1113 2082 Imperatoris
1181 2020 1320 2064 cum
1385 2010 1694 2068 conuentu
1747 2005 2188 2073 Ratisbonensi
2257 2007 2629 2092 iudiciisque
2689 2005 3167 2073 Watislariensi

708 2113 1170 2181 vindobonensi
1231 2119 1525 2183 maiestas
1573 2140 1768 2204 paene
1818 2142 1939 2187 non
1998 2123 2193 2187 fuisse
2238 2128 2407 2189 recte
2456 2123 2702 2189 dicitur.
2798 2122 2989 2187 Cuius
3036 2143 3151 2187 no-

707 2250 850 2295 meu
891 2232 1031 2314 fuit,
1077 2234 1132 2297 is
1178 2253 1248 2297 re
1293 2234 1424 2298 fere
1471 2235 1724 2301 carebat
1741 2231 1810 2316 ¹⁷3
1860 2257 2121 2321 quorum
2169 2258 2271 2303 res
2304 2258 2501 2323 prope
2548 2239 2799 2323 penitus
2832 2243 2988 2321 erat,
3034 2258 3153 2303 no-

707 2346 875 2411 mine
906 2348 1201 2413 carebant
1217 2344 1280 2413 ¹⁸.
1355 2348 1746 2416 Maiestatem
1798 2352 1992 2433 igitur
2040 2352 2445 2435 singulariter
2490 2354 2759 2419 diuisam
2792 2396 2879 2406 —-
2911 2355 3154 2440 pariter

707 2481 780 2526 ac
825 2482 1041 2527 scurra
1083 2469 1300 2529 noster
1343 2464 1450 2529 ille
1496 2465 1940 2532 celeberrimus
1988 2469 2384 2533 denariorum
2434 2469 2711 2535 ualorem
2760 2469 3154 2554 partiebatur

707 2577 980 2644 sonitum
1039 2578 1221 2644 alteri
1275 2580 1634 2665 relinquens
1692 2584 2023 2649 materiam
2082 2584 2201 2651 sibi
2249 2585 2576 2651 uindicans
2624 2623 2707 2630 —
2756 2587 2858 2650 hic
2904 2585 3152 2670 procla-

707 2716 881 2761 mare
944 2698 1254 2783 quispiam
1318 2698 1577 2781 audeat,
1647 2699 1766 2763 nisi
1830 2701 1903 2764 in
1951 2700 2087 2764 iure
2147 2721 2372 2766 nomen
2432 2720 2571 2766 cum
2632 2722 2701 2767 re
2758 2701 2943 2787 plane
3000 2721 3153 2766 con-

706 2831 930 2893 gruere
990 2819 1280 2898 oportere
1337 2814 1600 2897 ideoque
1655 2834 1857 2897 neque
1905 2818 2218 2880 communi
2280 2822 2589 2902 potestate
2636 2835 2837 2900 neque
2886 2817 3152 2899 singulis

705 2927 1066 2993 ciuitatibus
1125 2949 1337 2994 ueram
1389 2949 1524 2994 esse
1571 2930 2035 2996 attribuendam
2085 2933 2472 2997 maiestatem
2530 2938 2767 2998 certum
2818 2933 2917 2997 sit.
3011 2931 3154 2998 Hoc

703 3044 898 3126 igitur
958 3050 1277 3128 „monstro
1334 3051 1576 3111 tantum
1638 3043 1871 3118 simili‘f
1932 3053 2273 3132 systemate
2336 3048 2663 3112 ciuitatum
2723 3054 2961 3114 remoto
2979 3043 3023 3076 ¹⁹
3086 3054 3153 3115 et

703 3160 770 3224 in
830 3161 1127 3227 societate
1174 3156 1538 3225 Rhenana²³⁰
1595 3166 1658 3226 et
1714 3163 2255 3228 confoederatione
2309 3162 2683 3228 Germanica
2739 3164 3000 3229 alteram
3058 3164 3152 3229 al—

707 3282 841 3340 tera
887 3276 1344 3361 excipientibus
1379 3275 1531 3341 illud
1567 3277 1956 3360 singularum
1992 3279 2188 3344 solum
2226 3299 2362 3344 esse
2394 3280 2723 3348 ciuitatum
2756 3280 3151 3345 maiestatem

706 3391 925 3455 horum
972 3390 1291 3455 foederum
1341 3392 1478 3477 ipso
1528 3394 1848 3478 proposito
1898 3394 2384 3479 efficacitateque
2432 3397 2585 3460 satis
2630 3395 2899 3461 dilucide
2947 3395 3154 3481 expli-

705 3506 964 3571 cabatur
1022 3511 1085 3571 et
1143 3507 1417 3573 omnium
1479 3508 1575 3572 his
1637 3509 1712 3573 de
1771 3510 1958 3575 rebus
2018 3510 2424 3576 scribentium
2483 3510 2662 3576 libris
2719 3511 2915 3576 nimia
2984 3530 3152 3595 pene

705 3641 843 3686 cum
893 3623 1292 3687 accuratione
1337 3622 1706 3688 illustratur.

882 3736 1058 3819 §24
1139 3738 1227 3801 At
1273 3740 1417 3822 quia
1466 3759 1544 3803 ex
1592 3739 1867 3824 antiquis
1913 3739 2039 3805 illis
2088 3741 2519 3822 regiminibuS,
2570 3759 2912 3823 quaecum
2950 3741 3153 3806 inter-

703 3853 913 3919 ierunt
959 3854 1100 3917 iura
1146 3873 1258 3917 sua
1305 3853 1603 3939 specialia
1647 3855 1771 3920 iuri
1820 3856 2464 3922 diuino·subiicienda
2515 3856 2638 3920 iam
2674 3876 2799 3922 non
2848 3876 2982 3920 esse
3028 3855 3154 3920 ita-

706 3989 825 4053 que
888 3968 1128 4033 excidio
1188 3969 1501 4034 destinata
1557 3970 1999 4054 ostenderunt,
2059 3972 2299 4037 fructus
2360 3971 2439 4036 ad
2486 3971 2669 4054 haec,
2731 3991 2889 4054 quae
2933 3990 3154 4036 recen-

701 4085 896 4149 tiores
945 4089 1430 4169 praesentesque
1463 4087 1849 4152 conditiones
1899 4087 2081 4151 modo
2130 4091 2415 4172 spectare
2463 4107 2620 4173 opus
2668 4093 2785 4169 est,
2834 4086 3039 4151 studia
3072 4087 3155 4152 de

705 4198 860 4263 ratis
908 4200 1252 4264 maiestatis
1299 4200 1538 4268 iuribus
1596 4202 1839 4288 percipi
1899 4202 2008 4266 uix
2067 4203 2343 4288 possint,
2406 4202 2481 4267 ad
2543 4222 2616 4267 ea
2664 4221 2822 4285 quae
2868 4202 3156 4267 uiuentia

703 4319 918 4404 nostro
966 4314 1173 4380 seculo
1221 4321 1370 4400 apta
1416 4318 1604 4382 etiam
1654 4339 1720 4384 se
1769 4338 1905 4382 esse
1954 4323 2239 4382 statuunt
2282 4317 2535 4382 foedera
2582 4337 2696 4398 age
2733 4323 3152 4382 transeamus,

702 4428 790 4494 Et
842 4427 1305 4496 ueterrimum²¹
1378 4433 1628 4516 quidem
1685 4434 1854 4499 inter
1909 4433 2196 4498 ciuitates
2256 4432 2517 4515 liberae,
2589 4433 2684 4496 sui
2740 4432 2895 4496 iuris
2946 4451 3155 4514 neque

703 4545 992 4633 cuiquam
1043 4547 1345 4613 obnoxias
1395 4555 1768 4632 perpetuum
1815 4547 2035 4613 foedus
2084 4552 2179 4613 est
2213 4547 2602 4613 Atlanticum
2650 4548 2727 4614 ab
2776 4567 2937 4613 anno
2978 4548 3151 4615 1789
