<?xml version="1.0" encoding="UTF-8"?>
<!DOCTYPE html PUBLIC "-//W3C//DTD XHTML 1.0 Transitional//EN"
    "http://www.w3.org/TR/xhtml1/DTD/xhtml1-transitional.dtd">
<html xmlns="http://www.w3.org/1999/xhtml" xml:lang="en" lang="en">
 <head>
  <title>
</title>
<meta http-equiv="Content-Type" content="text/html;charset=utf-8" />
  <meta name='ocr-system' content='tesseract 3.04.00' />
  <meta name='ocr-capabilities' content='ocr_page ocr_carea ocr_par ocr_line ocrx_word'/>
</head>
<body>
  <div class='ocr_page' id='page_1' title='image "./decivitatediscr00huppgoog_0015.png"; bbox 0 0 3559 5175; ppageno 0'>
   <div class='ocr_carea' id='block_1_1' title="bbox 572 374 2813 622">
    <p class='ocr_par' dir='ltr' id='par_1_1' title="bbox 572 374 2813 622">
     <span class='ocr_line' id='line_1_1' title="bbox 1545 374 1628 439; baseline 0 0"><span class='ocrx_word' id='word_1_1' title='bbox 1545 374 1628 439; x_wconf 86' lang='lat'><strong>13</strong></span> 
     </span>
     <span class='ocr_line' id='line_1_2' title="bbox 572 543 2813 622; baseline 0.005 -26"><span class='ocrx_word' id='word_1_2' title='bbox 572 546 602 607; x_wconf 89' lang='lat'>5</span> <span class='ocrx_word' id='word_1_3' title='bbox 627 543 715 597; x_wconf 87' lang='lat'><strong>44.</strong></span> <span class='ocrx_word' id='word_1_4' title='bbox 771 544 1031 598; x_wconf 78' lang='lat' dir='ltr'><strong>Maiestas</strong></span> <span class='ocrx_word' id='word_1_5' title='bbox 1069 560 1258 600; x_wconf 90' lang='lat' dir='ltr'><strong>recens</strong></span> <span class='ocrx_word' id='word_1_6' title='bbox 1293 547 1349 600; x_wconf 93' lang='lat' dir='ltr'><strong>in</strong></span> <span class='ocrx_word' id='word_1_7' title='bbox 1387 562 1510 601; x_wconf 88' lang='lat' dir='ltr'><strong>sese</strong></span> <span class='ocrx_word' id='word_1_8' title='bbox 1558 551 1696 617; x_wconf 88' lang='lat' dir='ltr'><strong>stat,</strong></span> <span class='ocrx_word' id='word_1_9' title='bbox 1744 563 1870 602; x_wconf 93' lang='lat' dir='ltr'><strong>cum</strong></span> <span class='ocrx_word' id='word_1_10' title='bbox 1909 548 2045 603; x_wconf 89' lang='lat' dir='ltr'><strong>haec</strong></span> <span class='ocrx_word' id='word_1_11' title='bbox 2081 550 2201 604; x_wconf 89' lang='lat' dir='ltr'><strong>iura</strong></span> <span class='ocrx_word' id='word_1_12' title='bbox 2246 566 2346 620; x_wconf 91' lang='lat' dir='ltr'><strong>per</strong></span> <span class='ocrx_word' id='word_1_13' title='bbox 2383 552 2654 622; x_wconf 80' lang='lat' dir='ltr'>propriam</span> <span class='ocrx_word' id='word_1_14' title='bbox 2694 568 2813 622; x_wconf 89' lang='lat' dir='ltr'><strong>per-</strong></span> 
     </span>
    </p>
   </div>
   <div class='ocr_carea' id='block_1_2' title="bbox 773 635 2812 794">
    <p class='ocr_par' dir='ltr' id='par_1_2' title="bbox 773 635 2812 794">
     <span class='ocr_line' id='line_1_3' title="bbox 773 635 2812 715; baseline 0.004 -21"><span class='ocrx_word' id='word_1_15' title='bbox 773 654 962 695; x_wconf 88' lang='lat' dir='ltr'><strong>sonam</strong></span> <span class='ocrx_word' id='word_1_16' title='bbox 1021 641 1294 710; x_wconf 83' lang='lat' dir='ltr'><strong>publicam</strong></span> <span class='ocrx_word' id='word_1_17' title='bbox 1355 660 1462 698; x_wconf 91' lang='lat' dir='ltr'><strong>non</strong></span> <span class='ocrx_word' id='word_1_18' title='bbox 1519 660 1618 713; x_wconf 92' lang='lat' dir='ltr'><strong>per</strong></span> <span class='ocrx_word' id='word_1_19' title='bbox 1676 646 1921 715; x_wconf 88' lang='lat' dir='ltr'><strong>singulas</strong></span> <span class='ocrx_word' id='word_1_20' title='bbox 1975 647 2229 702; x_wconf 89' lang='lat' dir='ltr'><strong>ciuitates</strong></span> <span class='ocrx_word' id='word_1_21' title='bbox 2280 635 2617 703; x_wconf 68' lang='lat' dir='ltr'><strong>coniunctas</strong></span> <span class='ocrx_word' id='word_1_22' title='bbox 2661 664 2812 703; x_wconf 89' lang='lat' dir='ltr'><strong>exer-</strong></span> 
     </span>
     <span class='ocr_line' id='line_1_4' title="bbox 773 743 1018 794; baseline 0.008 -4"><span class='ocrx_word' id='word_1_23' title='bbox 773 743 1018 794; x_wconf 83' lang='lat' dir='ltr'>ceantur.</span> 
     </span>
    </p>
   </div>
   <div class='ocr_carea' id='block_1_3' title="bbox 380 842 2353 1498">
    <p class='ocr_par' dir='ltr' id='par_1_3' title="bbox 380 842 2353 1498">
     <span class='ocr_line' id='line_1_5' title="bbox 380 842 1048 898; baseline 0.004 -3"><span class='ocrx_word' id='word_1_24' title='bbox 380 842 450 896; x_wconf 87' lang='lat'><strong>11.</strong></span> <span class='ocrx_word' id='word_1_25' title='bbox 507 843 590 897; x_wconf 89' lang='lat' dir='ltr'><strong>De</strong></span> <span class='ocrx_word' id='word_1_26' title='bbox 628 842 688 898; x_wconf 86' lang='lat' dir='ltr'><strong>C.</strong></span> <span class='ocrx_word' id='word_1_27' title='bbox 713 843 774 897; x_wconf 92' lang='lat' dir='ltr'><strong>P.</strong></span> <span class='ocrx_word' id='word_1_28' title='bbox 802 842 1048 898; x_wconf 88' lang='lat' dir='ltr'><strong>oriunda.</strong></span> 
     </span>
     <span class='ocr_line' id='line_1_6' title="bbox 573 940 1592 1011; baseline 0 -15"><span class='ocrx_word' id='word_1_29' title='bbox 573 944 602 1004; x_wconf 98' lang='lat'>5</span> <span class='ocrx_word' id='word_1_30' title='bbox 627 940 715 996; x_wconf 95' lang='grc'><strong>45.</strong></span> <span class='ocrx_word' id='word_1_31' title='bbox 770 940 860 996; x_wconf 90' lang='lat' dir='ltr'><strong>An</strong></span> <span class='ocrx_word' id='word_1_32' title='bbox 898 942 1156 996; x_wconf 89' lang='lat' dir='ltr'><strong>maiestas</strong></span> <span class='ocrx_word' id='word_1_33' title='bbox 1193 940 1365 996; x_wconf 88' lang='lat' dir='ltr'><strong>diuidi</strong></span> <span class='ocrx_word' id='word_1_34' title='bbox 1401 942 1592 1011; x_wconf 76' lang='lat' dir='ltr'><strong>possit.</strong></span> 
     </span>
     <span class='ocr_line' id='line_1_7' title="bbox 573 1032 1184 1108; baseline 0.005 -16"><span class='ocrx_word' id='word_1_35' title='bbox 573 1037 714 1102; x_wconf 81' lang='lat'>546.</span> <span class='ocrx_word' id='word_1_36' title='bbox 771 1038 946 1095; x_wconf 81' lang='lat' dir='ltr'><strong>Grotii</strong></span> <span class='ocrx_word' id='word_1_37' title='bbox 983 1032 1184 1108; x_wconf 88' lang='lat' dir='ltr'><strong>opinio.</strong></span> 
     </span>
     <span class='ocr_line' id='line_1_8' title="bbox 572 1132 1084 1199; baseline 0 -10"><span class='ocrx_word' id='word_1_38' title='bbox 572 1138 602 1199; x_wconf 91' lang='lat'>5</span> <span class='ocrx_word' id='word_1_39' title='bbox 624 1132 713 1190; x_wconf 90' lang='grc'><strong>47.</strong></span> <span class='ocrx_word' id='word_1_40' title='bbox 768 1134 1084 1192; x_wconf 85' lang='lat' dir='ltr'><strong>Pufendorf.</strong></span> 
     </span>
     <span class='ocr_line' id='line_1_9' title="bbox 571 1232 1615 1305; baseline -0.001 -17"><span class='ocrx_word' id='word_1_41' title='bbox 571 1235 601 1296; x_wconf 88' lang='lat'>5</span> <span class='ocrx_word' id='word_1_42' title='bbox 625 1232 716 1287; x_wconf 85' lang='lat'><strong>48.</strong></span> <span class='ocrx_word' id='word_1_43' title='bbox 769 1232 989 1305; x_wconf 85' lang='lat' dir='ltr'><strong>Seydel,</strong></span> <span class='ocrx_word' id='word_1_44' title='bbox 1027 1232 1220 1303; x_wconf 73' lang='lat' dir='ltr'><strong>Hanel‚</strong></span> <span class='ocrx_word' id='word_1_45' title='bbox 1259 1234 1435 1303; x_wconf 89' lang='lat' dir='ltr'><strong>Holst‚</strong></span> <span class='ocrx_word' id='word_1_46' title='bbox 1472 1233 1615 1289; x_wconf 91' lang='lat' dir='ltr'><strong>Brie.</strong></span> 
     </span>
     <span class='ocr_line' id='line_1_10' title="bbox 573 1329 2141 1393; baseline 0.002 -9"><span class='ocrx_word' id='word_1_47' title='bbox 573 1332 603 1393; x_wconf 87' lang='lat'>5</span> <span class='ocrx_word' id='word_1_48' title='bbox 627 1329 715 1385; x_wconf 82' lang='lat'><strong>49.</strong></span> <span class='ocrx_word' id='word_1_49' title='bbox 773 1330 1154 1385; x_wconf 85' lang='lat' dir='ltr'>Communium</span> <span class='ocrx_word' id='word_1_50' title='bbox 1190 1330 1432 1385; x_wconf 89' lang='lat' dir='ltr'><strong>iudicum</strong></span> <span class='ocrx_word' id='word_1_51' title='bbox 1470 1330 1526 1385; x_wconf 88' lang='lat' dir='ltr'><strong>in</strong></span> <span class='ocrx_word' id='word_1_52' title='bbox 1563 1330 1624 1387; x_wconf 85' lang='lat' dir='ltr'><strong>C.</strong></span> <span class='ocrx_word' id='word_1_53' title='bbox 1641 1332 1709 1387; x_wconf 91' lang='lat' dir='ltr'><strong>V.</strong></span> <span class='ocrx_word' id='word_1_54' title='bbox 1746 1332 2141 1388; x_wconf 87' lang='lat' dir='ltr'><strong>testimonium.</strong></span> 
     </span>
     <span class='ocr_line' id='line_1_11' title="bbox 570 1427 2353 1498; baseline 0.002 -17"><span class='ocrx_word' id='word_1_55' title='bbox 570 1431 600 1490; x_wconf 92' lang='lat'>5</span> <span class='ocrx_word' id='word_1_56' title='bbox 624 1427 710 1481; x_wconf 87' lang='lat'><strong>50.</strong></span> <span class='ocrx_word' id='word_1_57' title='bbox 768 1428 1028 1482; x_wconf 80' lang='lat' dir='ltr'><strong>Maiestas</strong></span> <span class='ocrx_word' id='word_1_58' title='bbox 1066 1444 1256 1483; x_wconf 88' lang='lat' dir='ltr'><strong>recens</strong></span> <span class='ocrx_word' id='word_1_59' title='bbox 1294 1429 1463 1484; x_wconf 90' lang='lat' dir='ltr'><strong>semel</strong></span> <span class='ocrx_word' id='word_1_60' title='bbox 1500 1432 1621 1483; x_wconf 88' lang='lat' dir='ltr'><strong>orta</strong></span> <span class='ocrx_word' id='word_1_61' title='bbox 1656 1430 1754 1498; x_wconf 79' lang='lat' dir='ltr'><strong>per</strong></span> <span class='ocrx_word' id='word_1_62' title='bbox 1792 1445 1852 1483; x_wconf 90' lang='lat' dir='ltr'><strong>se</strong></span> <span class='ocrx_word' id='word_1_63' title='bbox 1890 1432 2105 1485; x_wconf 87' lang='lat' dir='ltr'><strong>nouiter</strong></span> <span class='ocrx_word' id='word_1_64' title='bbox 2141 1431 2353 1485; x_wconf 88' lang='lat' dir='ltr'><strong>crescit.</strong></span> 
     </span>
    </p>
   </div>
   <div class='ocr_carea' id='block_1_4' title="bbox 354 1532 2807 2189">
    <p class='ocr_par' dir='ltr' id='par_1_4' title="bbox 354 1532 2807 2189">
     <span class='ocr_line' id='line_1_12' title="bbox 354 1532 2030 1605; baseline 0.003 -20"><span class='ocrx_word' id='word_1_65' title='bbox 354 1533 451 1586; x_wconf 89' lang='lat'><strong>111.</strong></span> <span class='ocrx_word' id='word_1_66' title='bbox 508 1532 824 1589; x_wconf 84' lang='lat' dir='ltr'><strong>Communis</strong></span> <span class='ocrx_word' id='word_1_67' title='bbox 861 1540 1108 1603; x_wconf 89' lang='lat' dir='ltr'><strong>potestas</strong></span> <span class='ocrx_word' id='word_1_68' title='bbox 1144 1535 1374 1604; x_wconf 75' lang='lat' dir='ltr'><strong>singuiis</strong></span> <span class='ocrx_word' id='word_1_69' title='bbox 1411 1535 1728 1590; x_wconf 87' lang='lat' dir='ltr'><strong>ciuitatibus</strong></span> <span class='ocrx_word' id='word_1_70' title='bbox 1767 1538 2030 1605; x_wconf 80' lang='lat' dir='ltr'><strong>superior.</strong></span> 
     </span>
     <span class='ocr_line' id='line_1_13' title="bbox 568 1620 2807 1703; baseline 0.002 -18"><span class='ocrx_word' id='word_1_71' title='bbox 568 1635 598 1695; x_wconf 92' lang='lat'>5</span> <span class='ocrx_word' id='word_1_72' title='bbox 623 1633 709 1686; x_wconf 86' lang='lat'><strong>51.</strong></span> <span class='ocrx_word' id='word_1_73' title='bbox 768 1632 829 1686; x_wconf 89' lang='lat' dir='ltr'><strong>In</strong></span> <span class='ocrx_word' id='word_1_74' title='bbox 875 1632 1256 1687; x_wconf 88' lang='lat' dir='ltr'><strong>communibus</strong></span> <span class='ocrx_word' id='word_1_75' title='bbox 1301 1632 1466 1687; x_wconf 90' lang='lat' dir='ltr'><strong>rebus</strong></span> <span class='ocrx_word' id='word_1_76' title='bbox 1515 1647 1691 1688; x_wconf 90' lang='lat' dir='ltr'><strong>nouae</strong></span> <span class='ocrx_word' id='word_1_77' title='bbox 1740 1620 2013 1688; x_wconf 66' lang='lat' dir='ltr'><strong>maiestati</strong></span> <span class='ocrx_word' id='word_1_78' title='bbox 2070 1633 2260 1689; x_wconf 84' lang='lat' dir='ltr'><strong>subest</strong></span> <span class='ocrx_word' id='word_1_79' title='bbox 2307 1635 2643 1703; x_wconf 82' lang='lat' dir='ltr'><strong>singularum</strong></span> <span class='ocrx_word' id='word_1_80' title='bbox 2701 1636 2807 1689; x_wconf 91' lang='lat' dir='ltr'><strong>ciu.</strong></span> 
     </span>
     <span class='ocr_line' id='line_1_14' title="bbox 769 1730 1087 1785; baseline -0.003 -1"><span class='ocrx_word' id='word_1_81' title='bbox 769 1730 1087 1785; x_wconf 87' lang='lat' dir='ltr'><strong>auctoritas.</strong></span> 
     </span>
     <span class='ocr_line' id='line_1_15' title="bbox 566 1814 2523 1898; baseline 0.002 -18"><span class='ocrx_word' id='word_1_82' title='bbox 566 1814 709 1891; x_wconf 70' lang='lat'>⁶552.</span> <span class='ocrx_word' id='word_1_83' title='bbox 767 1827 830 1881; x_wconf 93' lang='lat' dir='ltr'><strong>In</strong></span> <span class='ocrx_word' id='word_1_84' title='bbox 868 1842 976 1881; x_wconf 92' lang='lat' dir='ltr'><strong>non</strong></span> <span class='ocrx_word' id='word_1_85' title='bbox 1014 1826 1393 1882; x_wconf 90' lang='lat' dir='ltr'><strong>communibus</strong></span> <span class='ocrx_word' id='word_1_86' title='bbox 1430 1843 1528 1897; x_wconf 91' lang='lat' dir='ltr'><strong>per</strong></span> <span class='ocrx_word' id='word_1_87' title='bbox 1567 1842 1626 1882; x_wconf 90' lang='lat' dir='ltr'><strong>se</strong></span> <span class='ocrx_word' id='word_1_88' title='bbox 1665 1833 1778 1882; x_wconf 93' lang='lat' dir='ltr'><strong>stat</strong></span> <span class='ocrx_word' id='word_1_89' title='bbox 1815 1828 1914 1883; x_wconf 89' lang='lat' dir='ltr'><strong>sed</strong></span> <span class='ocrx_word' id='word_1_90' title='bbox 1952 1844 2020 1883; x_wconf 86' lang='lat' dir='ltr'><strong>ex</strong></span> <span class='ocrx_word' id='word_1_91' title='bbox 2059 1844 2104 1883; x_wconf 93' lang='lat' dir='ltr'><strong>c.</strong></span> <span class='ocrx_word' id='word_1_92' title='bbox 2129 1846 2183 1898; x_wconf 90' lang='lat' dir='ltr'><strong>p.</strong></span> <span class='ocrx_word' id='word_1_93' title='bbox 2222 1829 2523 1884; x_wconf 89' lang='lat' dir='ltr'><strong>uoluntate.</strong></span> 
     </span>
     <span class='ocr_line' id='line_1_16' title="bbox 566 1924 2261 1995; baseline 0.001 -17"><span class='ocrx_word' id='word_1_94' title='bbox 566 1927 595 1987; x_wconf 91' lang='lat'>5</span> <span class='ocrx_word' id='word_1_95' title='bbox 621 1924 707 1979; x_wconf 84' lang='lat'><strong>53.</strong></span> <span class='ocrx_word' id='word_1_96' title='bbox 764 1924 1149 1979; x_wconf 76' lang='lat' dir='ltr'><strong>controuersia</strong></span> <span class='ocrx_word' id='word_1_97' title='bbox 1187 1942 1255 1979; x_wconf 84' lang='lat' dir='ltr'><strong>an</strong></span> <span class='ocrx_word' id='word_1_98' title='bbox 1293 1926 1620 1993; x_wconf 88' lang='lat' dir='ltr'><strong>generaliter</strong></span> <span class='ocrx_word' id='word_1_99' title='bbox 1656 1925 1886 1980; x_wconf 87' lang='lat' dir='ltr'><strong>subesse</strong></span> <span class='ocrx_word' id='word_1_100' title='bbox 1925 1927 2031 1980; x_wconf 89' lang='lat' dir='ltr'><strong>dici</strong></span> <span class='ocrx_word' id='word_1_101' title='bbox 2070 1928 2261 1995; x_wconf 82' lang='lat' dir='ltr'><strong>possit.</strong></span> 
     </span>
     <span class='ocr_line' id='line_1_17' title="bbox 568 2021 2035 2093; baseline 0.003 -20"><span class='ocrx_word' id='word_1_102' title='bbox 568 2023 598 2083; x_wconf 90' lang='lat'>5</span> <span class='ocrx_word' id='word_1_103' title='bbox 625 2021 710 2074; x_wconf 84' lang='lat'><strong>54.</strong></span> <span class='ocrx_word' id='word_1_104' title='bbox 767 2022 872 2076; x_wconf 86' lang='lat' dir='ltr'><strong>Pro</strong></span> <span class='ocrx_word' id='word_1_105' title='bbox 909 2023 1066 2076; x_wconf 90' lang='lat' dir='ltr'><strong>cuius</strong></span> <span class='ocrx_word' id='word_1_106' title='bbox 1104 2024 1473 2091; x_wconf 81' lang='lat' dir='ltr'><strong>competentia</strong></span> <span class='ocrx_word' id='word_1_107' title='bbox 1509 2021 1604 2076; x_wconf 88' lang='lat' dir='ltr'><strong>fiat</strong></span> <span class='ocrx_word' id='word_1_108' title='bbox 1641 2024 2035 2093; x_wconf 83' lang='lat' dir='ltr'><strong>praesumptio.</strong></span> 
     </span>
     <span class='ocr_line' id='line_1_18' title="bbox 565 2112 2033 2189; baseline 0.002 -18"><span class='ocrx_word' id='word_1_109' title='bbox 565 2120 596 2180; x_wconf 95' lang='lat'>5</span> <span class='ocrx_word' id='word_1_110' title='bbox 619 2116 706 2171; x_wconf 84' lang='lat'><strong>55.</strong></span> <span class='ocrx_word' id='word_1_111' title='bbox 762 2118 1212 2174; x_wconf 87' lang='lat' dir='ltr'><strong>Americanorum</strong></span> <span class='ocrx_word' id='word_1_112' title='bbox 1252 2120 1321 2173; x_wconf 91' lang='lat' dir='ltr'><strong>de</strong></span> <span class='ocrx_word' id='word_1_113' title='bbox 1359 2120 1648 2175; x_wconf 87' lang='lat' dir='ltr'><strong>maiestate</strong></span> <span class='ocrx_word' id='word_1_114' title='bbox 1688 2112 2033 2189; x_wconf 66' lang='lat' dir='ltr'><strong>superstitio.</strong></span> 
     </span>
    </p>
   </div>
   <div class='ocr_carea' id='block_1_5' title="bbox 353 2221 1770 2685">
    <p class='ocr_par' dir='ltr' id='par_1_5' title="bbox 353 2221 1770 2685">
     <span class='ocr_line' id='line_1_19' title="bbox 353 2221 1385 2295; baseline 0.004 -20"><span class='ocrx_word' id='word_1_115' title='bbox 353 2221 448 2276; x_wconf 91' lang='lat' dir='ltr'><strong>lV.</strong></span> <span class='ocrx_word' id='word_1_116' title='bbox 505 2222 790 2277; x_wconf 86' lang='lat' dir='ltr'><strong>Maiestate</strong></span> <span class='ocrx_word' id='word_1_117' title='bbox 828 2231 916 2279; x_wconf 91' lang='lat' dir='ltr'><strong>est</strong></span> <span class='ocrx_word' id='word_1_118' title='bbox 949 2225 1200 2295; x_wconf 88' lang='lat' dir='ltr'><strong>praedita</strong></span> <span class='ocrx_word' id='word_1_119' title='bbox 1238 2225 1298 2280; x_wconf 88' lang='lat' dir='ltr'><strong>O.</strong></span> <span class='ocrx_word' id='word_1_120' title='bbox 1325 2226 1385 2279; x_wconf 93' lang='lat' dir='ltr'><strong>P.</strong></span> 
     </span>
     <span class='ocr_line' id='line_1_20' title="bbox 566 2320 1770 2392; baseline 0.003 -18"><span class='ocrx_word' id='word_1_121' title='bbox 566 2325 596 2385; x_wconf 90' lang='lat'>5</span> <span class='ocrx_word' id='word_1_122' title='bbox 622 2320 708 2375; x_wconf 86' lang='grc'><strong>56.</strong></span> <span class='ocrx_word' id='word_1_123' title='bbox 764 2322 1066 2378; x_wconf 85' lang='lat' dir='ltr'><strong>Maiestatis</strong></span> <span class='ocrx_word' id='word_1_124' title='bbox 1103 2324 1254 2378; x_wconf 90' lang='lat' dir='ltr'><strong>notio</strong></span> <span class='ocrx_word' id='word_1_125' title='bbox 1291 2322 1436 2392; x_wconf 86' lang='lat' dir='ltr'><strong>apud</strong></span> <span class='ocrx_word' id='word_1_126' title='bbox 1475 2324 1770 2379; x_wconf 87' lang='lat' dir='ltr'><strong>Romanos.</strong></span> 
     </span>
     <span class='ocr_line' id='line_1_21' title="bbox 568 2419 1244 2489; baseline 0.004 -17"><span class='ocrx_word' id='word_1_127' title='bbox 568 2422 597 2480; x_wconf 92' lang='lat'>5</span> <span class='ocrx_word' id='word_1_128' title='bbox 624 2419 709 2473; x_wconf 82' lang='lat'><strong>57.</strong></span> <span class='ocrx_word' id='word_1_129' title='bbox 767 2420 911 2489; x_wconf 89' lang='lat' dir='ltr'><strong>apud</strong></span> <span class='ocrx_word' id='word_1_130' title='bbox 955 2420 1244 2475; x_wconf 87' lang='lat' dir='ltr'><strong>Bodinum.</strong></span> 
     </span>
     <span class='ocr_line' id='line_1_22' title="bbox 568 2515 1446 2588; baseline 0.007 -20"><span class='ocrx_word' id='word_1_131' title='bbox 568 2518 598 2579; x_wconf 85' lang='lat'>5</span> <span class='ocrx_word' id='word_1_132' title='bbox 625 2515 711 2569; x_wconf 90' lang='grc'><strong>58.</strong></span> <span class='ocrx_word' id='word_1_133' title='bbox 769 2516 916 2585; x_wconf 90' lang='lat' dir='ltr'><strong>apud</strong></span> <span class='ocrx_word' id='word_1_134' title='bbox 955 2518 1446 2588; x_wconf 85' lang='lat' dir='ltr'><strong>Montesquiellum.</strong></span> 
     </span>
     <span class='ocr_line' id='line_1_23' title="bbox 568 2615 1280 2685; baseline 0.006 -17"><span class='ocrx_word' id='word_1_135' title='bbox 568 2617 599 2678; x_wconf 91' lang='lat'>5</span> <span class='ocrx_word' id='word_1_136' title='bbox 623 2615 711 2669; x_wconf 86' lang='lat'><strong>59.</strong></span> <span class='ocrx_word' id='word_1_137' title='bbox 769 2616 916 2685; x_wconf 90' lang='lat' dir='ltr'><strong>apud</strong></span> <span class='ocrx_word' id='word_1_138' title='bbox 954 2617 1280 2672; x_wconf 87' lang='lat' dir='ltr'><strong>Rossellum.</strong></span> 
     </span>
    </p>
   </div>
   <div class='ocr_carea' id='block_1_6' title="bbox 565 2713 2808 2866">
    <p class='ocr_par' dir='ltr' id='par_1_6' title="bbox 565 2713 2808 2866">
     <span class='ocr_line' id='line_1_24' title="bbox 565 2713 2808 2787; baseline 0 -20"><span class='ocrx_word' id='word_1_139' title='bbox 565 2715 596 2776; x_wconf 91' lang='lat'>5</span> <span class='ocrx_word' id='word_1_140' title='bbox 622 2713 711 2767; x_wconf 93' lang='grc'><strong>60.</strong></span> <span class='ocrx_word' id='word_1_141' title='bbox 765 2713 820 2767; x_wconf 89' lang='lat' dir='ltr'><strong>in</strong></span> <span class='ocrx_word' id='word_1_142' title='bbox 856 2714 1073 2784; x_wconf 87' lang='lat' dir='ltr'><strong>legibus</strong></span> <span class='ocrx_word' id='word_1_143' title='bbox 1100 2716 1549 2772; x_wconf 88' lang='lat' dir='ltr'><strong>Americanorum</strong></span> <span class='ocrx_word' id='word_1_144' title='bbox 1576 2717 1837 2772; x_wconf 88' lang='lat' dir='ltr'><strong>Maiestas</strong></span> <span class='ocrx_word' id='word_1_145' title='bbox 1873 2716 2017 2771; x_wconf 89' lang='lat' dir='ltr'><strong>idem</strong></span> <span class='ocrx_word' id='word_1_146' title='bbox 2058 2717 2207 2771; x_wconf 89' lang='lat' dir='ltr'><strong>ualet</strong></span> <span class='ocrx_word' id='word_1_147' title='bbox 2241 2715 2390 2787; x_wconf 90' lang='lat' dir='ltr'><strong>quod</strong></span> <span class='ocrx_word' id='word_1_148' title='bbox 2427 2716 2483 2770; x_wconf 88' lang='lat' dir='ltr'><strong>in</strong></span> <span class='ocrx_word' id='word_1_149' title='bbox 2518 2716 2808 2784; x_wconf 88' lang='lat' dir='ltr'><strong>Europaeo</strong></span> 
     </span>
     <span class='ocr_line' id='line_1_25' title="bbox 767 2826 904 2866; baseline 0.015 -2"><span class='ocrx_word' id='word_1_150' title='bbox 767 2826 904 2866; x_wconf 76' lang='lat' dir='ltr'><strong>lure.</strong></span> 
     </span>
    </p>
   </div>
   <div class='ocr_carea' id='block_1_7' title="bbox 376 2915 2807 3183">
    <p class='ocr_par' dir='ltr' id='par_1_7' title="bbox 376 2915 2807 3183">
     <span class='ocr_line' id='line_1_26' title="bbox 376 2915 1878 2976; baseline 0.003 -6"><span class='ocrx_word' id='word_1_151' title='bbox 376 2915 445 2970; x_wconf 89' lang='lat' dir='ltr'><strong>V.</strong></span> <span class='ocrx_word' id='word_1_152' title='bbox 501 2915 586 2970; x_wconf 87' lang='lat' dir='ltr'><strong>De</strong></span> <span class='ocrx_word' id='word_1_153' title='bbox 626 2917 932 2973; x_wconf 88' lang='lat' dir='ltr'><strong>maiestatis</strong></span> <span class='ocrx_word' id='word_1_154' title='bbox 969 2917 1132 2973; x_wconf 89' lang='lat' dir='ltr'><strong>huius</strong></span> <span class='ocrx_word' id='word_1_155' title='bbox 1169 2917 1404 2975; x_wconf 85' lang='lat' dir='ltr'><strong>recentis</strong></span> <span class='ocrx_word' id='word_1_156' title='bbox 1442 2919 1690 2976; x_wconf 89' lang='lat' dir='ltr'><strong>subiecto</strong></span> <span class='ocrx_word' id='word_1_157' title='bbox 1727 2921 1878 2976; x_wconf 89' lang='lat' dir='ltr'><strong>reali.</strong></span> 
     </span>
     <span class='ocr_line' id='line_1_27' title="bbox 565 3015 2807 3086; baseline 0.001 -16"><span class='ocrx_word' id='word_1_158' title='bbox 565 3019 594 3079; x_wconf 98' lang='lat'>5</span> <span class='ocrx_word' id='word_1_159' title='bbox 620 3016 706 3070; x_wconf 88' lang='grc'><strong>61.</strong></span> <span class='ocrx_word' id='word_1_160' title='bbox 763 3015 972 3070; x_wconf 86' lang='lat' dir='ltr'><strong>Neutra</strong></span> <span class='ocrx_word' id='word_1_161' title='bbox 1008 3015 1244 3085; x_wconf 87' lang='lat' dir='ltr'><strong>sphaera</strong></span> <span class='ocrx_word' id='word_1_162' title='bbox 1279 3018 1495 3086; x_wconf 87' lang='lat' dir='ltr'><strong>plenam</strong></span> <span class='ocrx_word' id='word_1_163' title='bbox 1533 3032 1676 3086; x_wconf 90' lang='lat' dir='ltr'><strong>quae</strong></span> <span class='ocrx_word' id='word_1_164' title='bbox 1715 3025 1803 3073; x_wconf 90' lang='lat' dir='ltr'><strong>est</strong></span> <span class='ocrx_word' id='word_1_165' title='bbox 1838 3018 1893 3073; x_wconf 90' lang='lat' dir='ltr'><strong>in</strong></span> <span class='ocrx_word' id='word_1_166' title='bbox 1928 3018 2154 3072; x_wconf 89' lang='lat' dir='ltr'><strong>ciuitate</strong></span> <span class='ocrx_word' id='word_1_167' title='bbox 2190 3017 2429 3072; x_wconf 88' lang='lat' dir='ltr'><strong>discreta</strong></span> <span class='ocrx_word' id='word_1_168' title='bbox 2464 3017 2807 3072; x_wconf 89' lang='lat' dir='ltr'><strong>maiestatem</strong></span> 
     </span>
     <span class='ocr_line' id='line_1_28' title="bbox 766 3112 1012 3183; baseline -0.004 -16"><span class='ocrx_word' id='word_1_169' title='bbox 766 3112 1012 3183; x_wconf 88' lang='lat' dir='ltr'><strong>praebet.</strong></span> 
     </span>
    </p>
   </div>
   <div class='ocr_carea' id='block_1_8' title="bbox 562 3211 2378 3469">
    <p class='ocr_par' dir='ltr' id='par_1_8' title="bbox 562 3211 2378 3469">
     <span class='ocr_line' id='line_1_29' title="bbox 564 3211 1681 3274; baseline 0.003 -10"><span class='ocrx_word' id='word_1_170' title='bbox 564 3213 594 3274; x_wconf 91' lang='lat'>5</span> <span class='ocrx_word' id='word_1_171' title='bbox 620 3211 706 3264; x_wconf 82' lang='lat'><strong>62.</strong></span> <span class='ocrx_word' id='word_1_172' title='bbox 764 3211 848 3265; x_wconf 91' lang='lat' dir='ltr'><strong>De</strong></span> <span class='ocrx_word' id='word_1_173' title='bbox 886 3211 1110 3265; x_wconf 89' lang='lat' dir='ltr'><strong>ciuitate</strong></span> <span class='ocrx_word' id='word_1_174' title='bbox 1146 3211 1482 3267; x_wconf 89' lang='lat' dir='ltr'><strong>solutissima</strong></span> <span class='ocrx_word' id='word_1_175' title='bbox 1517 3212 1681 3267; x_wconf 88' lang='lat' dir='ltr'><strong>idem.</strong></span> 
     </span>
     <span class='ocr_line' id='line_1_30' title="bbox 562 3306 2378 3378; baseline 0 -16"><span class='ocrx_word' id='word_1_176' title='bbox 562 3311 593 3371; x_wconf 95' lang='lat'>5</span> <span class='ocrx_word' id='word_1_177' title='bbox 617 3307 704 3362; x_wconf 87' lang='lat'><strong>63.</strong></span> <span class='ocrx_word' id='word_1_178' title='bbox 762 3309 846 3362; x_wconf 89' lang='lat' dir='ltr'><strong>De</strong></span> <span class='ocrx_word' id='word_1_179' title='bbox 882 3306 1102 3364; x_wconf 86' lang='lat' dir='ltr'><strong>foedere</strong></span> <span class='ocrx_word' id='word_1_180' title='bbox 1138 3309 1411 3378; x_wconf 82' lang='lat' dir='ltr'><strong>inaequali</strong></span> <span class='ocrx_word' id='word_1_181' title='bbox 1446 3310 1504 3363; x_wconf 91' lang='lat' dir='ltr'><strong>in</strong></span> <span class='ocrx_word' id='word_1_182' title='bbox 1541 3310 1819 3364; x_wconf 88' lang='lat' dir='ltr'><strong>ciuitatem</strong></span> <span class='ocrx_word' id='word_1_183' title='bbox 1857 3314 2178 3364; x_wconf 87' lang='lat' dir='ltr'><strong>transeunte</strong></span> <span class='ocrx_word' id='word_1_184' title='bbox 2214 3309 2378 3364; x_wconf 89' lang='lat' dir='ltr'><strong>idem.</strong></span> 
     </span>
     <span class='ocr_line' id='line_1_31' title="bbox 564 3404 1573 3469; baseline 0.001 -9"><span class='ocrx_word' id='word_1_185' title='bbox 564 3409 595 3469; x_wconf 94' lang='lat'>5</span> <span class='ocrx_word' id='word_1_186' title='bbox 620 3404 706 3460; x_wconf 91' lang='grc'><strong>64.</strong></span> <span class='ocrx_word' id='word_1_187' title='bbox 764 3406 847 3460; x_wconf 87' lang='lat' dir='ltr'><strong>De</strong></span> <span class='ocrx_word' id='word_1_188' title='bbox 886 3405 1364 3462; x_wconf 83' lang='lat' dir='ltr'><strong>confoederatione</strong></span> <span class='ocrx_word' id='word_1_189' title='bbox 1403 3408 1573 3461; x_wconf 85' lang='lat' dir='ltr'><strong>aliter.</strong></span> 
     </span>
    </p>
   </div>
   <div class='ocr_carea' id='block_1_9' title="bbox 563 3502 2913 3574">
    <p class='ocr_par' dir='ltr' id='par_1_9' title="bbox 563 3502 2913 3574">
     <span class='ocr_line' id='line_1_32' title="bbox 563 3502 2913 3574; baseline 0 -18"><span class='ocrx_word' id='word_1_190' title='bbox 563 3505 593 3565; x_wconf 97' lang='lat'>5</span> <span class='ocrx_word' id='word_1_191' title='bbox 619 3502 704 3557; x_wconf 90' lang='grc'><strong>65.</strong></span> <span class='ocrx_word' id='word_1_192' title='bbox 766 3503 1024 3558; x_wconf 86' lang='lat' dir='ltr'><strong>Maiestas</strong></span> <span class='ocrx_word' id='word_1_193' title='bbox 1062 3504 1247 3573; x_wconf 89' lang='lat' dir='ltr'><strong>populi</strong></span> <span class='ocrx_word' id='word_1_194' title='bbox 1285 3509 1370 3558; x_wconf 91' lang='lat' dir='ltr'><strong>est</strong></span> <span class='ocrx_word' id='word_1_195' title='bbox 1410 3504 1743 3559; x_wconf 87' lang='lat' dir='ltr'><strong>uiuersitatis</strong></span> <span class='ocrx_word' id='word_1_196' title='bbox 1782 3504 2072 3558; x_wconf 87' lang='lat' dir='ltr'><strong>maiestate</strong></span> <span class='ocrx_word' id='word_1_197' title='bbox 2110 3504 2272 3574; x_wconf 69' lang='lat' dir='ltr'><strong>plena</strong></span> <span class='ocrx_word' id='word_1_198' title='bbox 2307 3504 2614 3558; x_wconf 87' lang='lat' dir='ltr'><strong>uirtualiter</strong></span> <span class='ocrx_word' id='word_1_199' title='bbox 2648 3518 2803 3572; x_wconf 86' lang='lat' dir='ltr'><strong>prae·</strong></span> <span class='ocrx_word' id='word_1_200' title='bbox 2906 3527 2913 3536; x_wconf 92' lang='lat'><strong>·</strong></span> 
     </span>
    </p>
   </div>
   <div class='ocr_carea' id='block_1_10' title="bbox 565 3599 2805 3863">
    <p class='ocr_par' dir='ltr' id='par_1_10' title="bbox 565 3599 2805 3863">
     <span class='ocr_line' id='line_1_33' title="bbox 768 3599 1355 3670; baseline 0.002 -17"><span class='ocrx_word' id='word_1_201' title='bbox 768 3599 918 3654; x_wconf 87' lang='lat' dir='ltr'><strong>ditae</strong></span> <span class='ocrx_word' id='word_1_202' title='bbox 955 3607 1355 3670; x_wconf 88' lang='lat' dir='ltr'><strong>argumentum,</strong></span> 
     </span>
     <span class='ocr_line' id='line_1_34' title="bbox 565 3696 2805 3767; baseline -0.001 -15"><span class='ocrx_word' id='word_1_203' title='bbox 565 3701 594 3761; x_wconf 90' lang='lat'>5</span> <span class='ocrx_word' id='word_1_204' title='bbox 621 3698 706 3752; x_wconf 91' lang='grc'><strong>66.</strong></span> <span class='ocrx_word' id='word_1_205' title='bbox 764 3713 886 3752; x_wconf 91' lang='lat' dir='ltr'><strong>cum</strong></span> <span class='ocrx_word' id='word_1_206' title='bbox 936 3698 1018 3752; x_wconf 89' lang='lat' dir='ltr'><strong>sic</strong></span> <span class='ocrx_word' id='word_1_207' title='bbox 1053 3713 1151 3767; x_wconf 90' lang='lat' dir='ltr'><strong>per</strong></span> <span class='ocrx_word' id='word_1_208' title='bbox 1188 3699 1464 3752; x_wconf 89' lang='lat' dir='ltr'><strong>unientem</strong></span> <span class='ocrx_word' id='word_1_209' title='bbox 1504 3699 1840 3753; x_wconf 89' lang='lat' dir='ltr'><strong>uoluntatem</strong></span> <span class='ocrx_word' id='word_1_210' title='bbox 1878 3712 1909 3751; x_wconf 92' lang='lat' dir='ltr'><strong>e</strong></span> <span class='ocrx_word' id='word_1_211' title='bbox 1948 3696 2193 3766; x_wconf 89' lang='lat' dir='ltr'><strong>pluribus</strong></span> <span class='ocrx_word' id='word_1_212' title='bbox 2232 3714 2395 3751; x_wconf 90' lang='lat' dir='ltr'><strong>unum</strong></span> <span class='ocrx_word' id='word_1_213' title='bbox 2437 3696 2640 3753; x_wconf 84' lang='lat' dir='ltr'><strong>factum</strong></span> <span class='ocrx_word' id='word_1_214' title='bbox 2681 3712 2805 3750; x_wconf 87' lang='lat' dir='ltr'><strong>esse</strong></span> 
     </span>
     <span class='ocr_line' id='line_1_35' title="bbox 763 3795 1644 3863; baseline 0.002 -15"><span class='ocrx_word' id='word_1_215' title='bbox 763 3799 1045 3863; x_wconf 78' lang='lat' dir='ltr'><strong>appareat.</strong></span> <span class='ocrx_word' id='word_1_216' title='bbox 1109 3796 1193 3848; x_wconf 91' lang='lat' dir='ltr'><strong>De</strong></span> <span class='ocrx_word' id='word_1_217' title='bbox 1229 3795 1290 3850; x_wconf 85' lang='lat' dir='ltr'><strong>C.</strong></span> <span class='ocrx_word' id='word_1_218' title='bbox 1305 3797 1362 3849; x_wconf 90' lang='lat' dir='ltr'><strong>P.</strong></span> <span class='ocrx_word' id='word_1_219' title='bbox 1403 3795 1644 3850; x_wconf 85' lang='lat' dir='ltr'><strong>interitu.</strong></span> 
     </span>
    </p>
   </div>
   <div class='ocr_carea' id='block_1_11' title="bbox 349 3900 2797 4653">
    <p class='ocr_par' dir='ltr' id='par_1_11' title="bbox 349 3900 2797 4653">
     <span class='ocr_line' id='line_1_36' title="bbox 349 3900 1856 3970; baseline 0.001 -15"><span class='ocrx_word' id='word_1_220' title='bbox 349 3900 446 3955; x_wconf 88' lang='lat' dir='ltr'><strong>VI.</strong></span> <span class='ocrx_word' id='word_1_221' title='bbox 503 3900 586 3954; x_wconf 91' lang='lat' dir='ltr'><strong>De</strong></span> <span class='ocrx_word' id='word_1_222' title='bbox 623 3915 670 3954; x_wconf 92' lang='lat' dir='ltr'><strong>c.</strong></span> <span class='ocrx_word' id='word_1_223' title='bbox 690 3915 744 3968; x_wconf 91' lang='lat' dir='ltr'><strong>p.</strong></span> <span class='ocrx_word' id='word_1_224' title='bbox 783 3916 916 3969; x_wconf 88' lang='lat' dir='ltr'><strong>erga</strong></span> <span class='ocrx_word' id='word_1_225' title='bbox 952 3901 1196 3970; x_wconf 88' lang='lat' dir='ltr'><strong>singulas</strong></span> <span class='ocrx_word' id='word_1_226' title='bbox 1233 3901 1490 3956; x_wconf 86' lang='lat' dir='ltr'><strong>ciuitates</strong></span> <span class='ocrx_word' id='word_1_227' title='bbox 1526 3901 1856 3956; x_wconf 82' lang='lat' dir='ltr'><strong>conditione.</strong></span> 
     </span>
     <span class='ocr_line' id='line_1_37' title="bbox 562 3998 1736 4067; baseline 0 -15"><span class='ocrx_word' id='word_1_228' title='bbox 562 4002 593 4061; x_wconf 90' lang='lat'>5</span> <span class='ocrx_word' id='word_1_229' title='bbox 617 3999 703 4053; x_wconf 90' lang='grc'><strong>67.</strong></span> <span class='ocrx_word' id='word_1_230' title='bbox 759 3998 916 4052; x_wconf 91' lang='lat' dir='ltr'><strong>Duae</strong></span> <span class='ocrx_word' id='word_1_231' title='bbox 953 3999 1310 4053; x_wconf 73' lang='lat' dir='ltr'><strong>auctoritates</strong></span> <span class='ocrx_word' id='word_1_232' title='bbox 1347 3998 1736 4067; x_wconf 86' lang='lat' dir='ltr'><strong>ponderantur.</strong></span> 
     </span>
     <span class='ocr_line' id='line_1_38' title="bbox 560 4094 1453 4165; baseline 0 -14"><span class='ocrx_word' id='word_1_233' title='bbox 560 4099 591 4160; x_wconf 89' lang='lat'>5</span> <span class='ocrx_word' id='word_1_234' title='bbox 617 4096 702 4151; x_wconf 91' lang='grc'><strong>68.</strong></span> <span class='ocrx_word' id='word_1_235' title='bbox 760 4095 912 4160; x_wconf 85' lang='lat' dir='ltr'><strong>Quae</strong></span> <span class='ocrx_word' id='word_1_236' title='bbox 947 4111 1047 4165; x_wconf 88' lang='lat' dir='ltr'><strong>pro</strong></span> <span class='ocrx_word' id='word_1_237' title='bbox 1083 4095 1256 4151; x_wconf 71' lang='lat' dir='ltr'><strong>altera</strong></span> <span class='ocrx_word' id='word_1_238' title='bbox 1290 4094 1453 4151; x_wconf 87' lang='lat' dir='ltr'><strong>facta.</strong></span> 
     </span>
     <span class='ocr_line' id='line_1_39' title="bbox 563 4189 2715 4262; baseline -0 -15"><span class='ocrx_word' id='word_1_239' title='bbox 563 4197 594 4257; x_wconf 94' lang='lat'>5</span> <span class='ocrx_word' id='word_1_240' title='bbox 620 4193 706 4247; x_wconf 90' lang='grc'><strong>69.</strong></span> <span class='ocrx_word' id='word_1_241' title='bbox 762 4193 905 4258; x_wconf 84' lang='lat' dir='ltr'><strong>Quid</strong></span> <span class='ocrx_word' id='word_1_242' title='bbox 941 4193 1170 4262; x_wconf 86' lang='lat' dir='ltr'><strong>singulis</strong></span> <span class='ocrx_word' id='word_1_243' title='bbox 1207 4193 1524 4249; x_wconf 89' lang='lat' dir='ltr'><strong>ciuitatibus</strong></span> <span class='ocrx_word' id='word_1_244' title='bbox 1561 4195 1618 4248; x_wconf 89' lang='lat' dir='ltr'><strong>in</strong></span> <span class='ocrx_word' id='word_1_245' title='bbox 1654 4194 1971 4248; x_wconf 88' lang='lat' dir='ltr'><strong>uniuersum</strong></span> <span class='ocrx_word' id='word_1_246' title='bbox 2010 4191 2211 4246; x_wconf 86' lang='lat' dir='ltr'><strong>additis</strong></span> <span class='ocrx_word' id='word_1_247' title='bbox 2245 4189 2343 4246; x_wconf 88' lang='lat' dir='ltr'><strong>fiat</strong></span> <span class='ocrx_word' id='word_1_248' title='bbox 2378 4207 2447 4246; x_wconf 87' lang='lat' dir='ltr'><strong>ex</strong></span> <span class='ocrx_word' id='word_1_249' title='bbox 2484 4190 2715 4246; x_wconf 86' lang='lat' dir='ltr'><strong>ciuibus.</strong></span> 
     </span>
     <span class='ocr_line' id='line_1_40' title="bbox 561 4289 2797 4360; baseline -0 -15"><span class='ocrx_word' id='word_1_250' title='bbox 561 4294 591 4354; x_wconf 86' lang='lat'>5</span> <span class='ocrx_word' id='word_1_251' title='bbox 615 4291 700 4345; x_wconf 93' lang='grc'><strong>70.</strong></span> <span class='ocrx_word' id='word_1_252' title='bbox 758 4290 897 4355; x_wconf 86' lang='lat' dir='ltr'><strong>Quid</strong></span> <span class='ocrx_word' id='word_1_253' title='bbox 945 4291 1185 4345; x_wconf 88' lang='lat' dir='ltr'><strong>ciuitatis</strong></span> <span class='ocrx_word' id='word_1_254' title='bbox 1231 4291 1501 4345; x_wconf 84' lang='lat' dir='ltr'><strong>discretae</strong></span> <span class='ocrx_word' id='word_1_255' title='bbox 1551 4292 1623 4345; x_wconf 92' lang='lat' dir='ltr'><strong>sit</strong></span> <span class='ocrx_word' id='word_1_256' title='bbox 1669 4306 1803 4346; x_wconf 87' lang='lat' dir='ltr'><strong>uera</strong></span> <span class='ocrx_word' id='word_1_257' title='bbox 1853 4291 2139 4360; x_wconf 87' lang='lat' dir='ltr'><strong>maiestas,</strong></span> <span class='ocrx_word' id='word_1_258' title='bbox 2189 4305 2287 4360; x_wconf 90' lang='lat' dir='ltr'><strong>per</strong></span> <span class='ocrx_word' id='word_1_259' title='bbox 2324 4289 2797 4344; x_wconf 88' lang='lat' dir='ltr'><strong>contradictoriam</strong></span> 
     </span>
     <span class='ocr_line' id='line_1_41' title="bbox 759 4387 2183 4458; baseline 0 -17"><span class='ocrx_word' id='word_1_260' title='bbox 759 4387 988 4443; x_wconf 86' lang='lat' dir='ltr'><strong>duarum</strong></span> <span class='ocrx_word' id='word_1_261' title='bbox 1027 4387 1380 4458; x_wconf 85' lang='lat' dir='ltr'><strong>sphaerarum</strong></span> <span class='ocrx_word' id='word_1_262' title='bbox 1418 4389 1794 4444; x_wconf 88' lang='lat' dir='ltr'><strong>diuersitatem</strong></span> <span class='ocrx_word' id='word_1_263' title='bbox 1834 4392 2183 4443; x_wconf 86' lang='lat' dir='ltr'><strong>monstratur.</strong></span> 
     </span>
     <span class='ocr_line' id='line_1_42' title="bbox 491 4484 1571 4556; baseline -0.001 -16"><span class='ocrx_word' id='word_1_264' title='bbox 491 4521 498 4526; x_wconf 95' lang='lat'>-</span> <span class='ocrx_word' id='word_1_265' title='bbox 563 4490 592 4550; x_wconf 89' lang='lat'>5</span> <span class='ocrx_word' id='word_1_266' title='bbox 618 4486 704 4540; x_wconf 91' lang='grc'><strong>71.</strong></span> <span class='ocrx_word' id='word_1_267' title='bbox 760 4484 1101 4540; x_wconf 82' lang='lat' dir='ltr'><strong>Generalitas</strong></span> <span class='ocrx_word' id='word_1_268' title='bbox 1138 4491 1196 4540; x_wconf 94' lang='lat' dir='ltr'><strong>et</strong></span> <span class='ocrx_word' id='word_1_269' title='bbox 1230 4485 1571 4556; x_wconf 75' lang='lat' dir='ltr'><strong>specialitas.</strong></span> 
     </span>
     <span class='ocr_line' id='line_1_43' title="bbox 563 4583 1636 4653; baseline -0.001 -15"><span class='ocrx_word' id='word_1_270' title='bbox 563 4587 594 4648; x_wconf 89' lang='lat'>5</span> <span class='ocrx_word' id='word_1_271' title='bbox 619 4584 703 4639; x_wconf 83' lang='grc'><strong>72.</strong></span> <span class='ocrx_word' id='word_1_272' title='bbox 761 4583 977 4653; x_wconf 84' lang='lat' dir='ltr'><strong>Duplex</strong></span> <span class='ocrx_word' id='word_1_273' title='bbox 1015 4584 1213 4639; x_wconf 87' lang='lat' dir='ltr'><strong>ciuium</strong></span> <span class='ocrx_word' id='word_1_274' title='bbox 1253 4585 1342 4639; x_wconf 87' lang='lat' dir='ltr'><strong>ius</strong></span> <span class='ocrx_word' id='word_1_275' title='bbox 1377 4583 1636 4638; x_wconf 87' lang='lat' dir='ltr'><strong>ciuitatis.</strong></span> 
     </span>
    </p>
   </div>
  </div>
 </body>
</html>
