3559 5175
1918 322 2003 385 22

918 497 1089 581 §17.
1179 497 1281 563 Ad
1327 497 1576 580 regulas
1621 496 2089 561 constituendas
2138 501 2347 559 autem
2394 514 2587 559 unum
2632 513 2758 558 non
2804 492 3035 559 sufficit
3078 492 3187 557 uel

741 615 862 680 duo
911 613 1200 699 exempla
1244 633 1317 677 ac
1361 612 1765 698 praesertim,
1823 613 1876 676 si
1923 612 2001 677 ad
2049 611 2319 697 patriam
2367 610 2616 693 regulas
2669 614 2918 676 nostras
2969 609 3187 675 ualere
3234 606 3243 613 “

741 730 1062 815 cupimuS,
1109 736 1180 793 ut
1227 728 1494 814 patriam
1545 748 1758 793 ueram
1808 748 1945 793 esse
1991 727 2440 812 rempublicam
2489 728 2859 808 discretam,
2907 726 2970 790 id
3018 724 3189 809 quod

741 864 868 909 non
915 843 1109 909 semel
1156 863 1192 907 a
1238 844 1393 908 uiris
1451 842 1829 908 doctissimis
1888 842 1950 907 in
1997 842 2447 907 dubitationem
2498 846 2794 923 uocatur,
2850 841 3188 925 probemus

743 978 998 1024 necesse
1065 964 1180 1023 est.
1297 959 1505 1041 Atque
1574 958 1730 1021 satis
1800 958 2169 1023 haberemus
2237 958 2533 1043 probare:
2610 955 2774 1041 quod
2842 954 3187 1043 Imperium

744 1071 1183 1139 Germanicum
1233 1091 1607 1156 quamquam
1658 1072 1734 1136 de
1780 1072 2209 1157 compluribus
2254 1073 2409 1137 iuris
2458 1072 2689 1157 publici
2727 1071 2946 1137 formis
2977 1070 3191 1137 differt

745 1208 783 1253 a
826 1187 1182 1256 foederibus
1227 1188 1546 1252 Atlantico
1594 1186 1951 1269 Heluetico,
2010 1193 2222 1252 tamen
2276 1207 2503 1269 genere
2561 1188 2697 1271 ipso
2756 1191 2819 1251 et
2862 1207 3068 1252 rerum
3116 1188 3188 1251 ui

746 1309 809 1369 et
862 1304 1018 1367 iuris
1080 1303 1177 1367 sui
1235 1302 1467 1388 publici
1525 1307 1750 1367 natura
1809 1302 1906 1366 his
1964 1308 2266 1386 aequatur
2311 1302 2662 1384 sororibus,
2718 1301 2839 1367 nisi
2886 1301 3187 1382 grauibus

745 1418 1118 1501 quibusdam
1164 1418 1428 1500 iuribuS‚
1477 1437 1634 1500 quae
1681 1417 1785 1482 hic
1823 1418 1889 1483 in
1920 1436 2317 1483 communem
2364 1422 2513 1482 sunt
2557 1415 2863 1481 translata
2908 1422 3189 1501 potesta-

745 1539 872 1597 tem
887 1528 931 1615 ⁷,
979 1533 1270 1598 artiorem
1321 1552 1457 1598 esse
1504 1510 1867 1617 compagem
1917 1532 2295 1600 nouissimae
2327 1532 2511 1597 huius
2544 1530 2921 1616 reipublicae
2953 1532 3190 1597 discre-

744 1652 848 1715 tae
890 1668 1074 1732 quam
1125 1648 1402 1731 priorum
1452 1647 1749 1713 similium
1800 1654 2149 1713 monstrare
2194 1666 2537 1731 possemus.
2628 1646 2865 1711 Diuum
2911 1645 2961 1711 F
2964 1646 3191 1713 rideri-

748 1781 888 1827 cum
937 1760 1314 1827 Guilelmum
1363 1762 1448 1826 IV
1493 1762 1908 1827 Borussorum
1957 1782 2192 1844 regem,
2239 1781 2447 1845 quem,
2494 1762 2611 1827 etsi
2659 1760 2738 1825 ad
2784 1760 3189 1827 Germanicas

748 1877 1036 1943 ciuitates
1104 1877 1454 1942 accuratius
1523 1876 1931 1941 adsociandas
1993 1897 2195 1961 neque
2270 1877 2549 1961 potentia
2604 1896 2807 1960 neque
2866 1876 3187 1943 uoluntate

751 2012 864 2056 sua
909 1992 975 2055 in
1024 1992 1266 2057 actione
1313 2011 1492 2057 usum
1543 2012 1678 2057 esse
1725 2012 1867 2057 eum
1914 1997 2180 2074 constat,
2229 1992 2635 2058 nibilominus
2684 1992 2749 2057 in
2795 1998 2929 2056 arte
2958 1992 3189 2072 guber-

755 2107 945 2171 nandi
992 2108 1336 2187 generatim
1386 2107 1754 2191 exponenda
1801 2108 1879 2171 ad
1927 2107 2317 2191 splendidam
2351 2106 2769 2191 eloquentiam
2816 2106 3190 2191 profundam

749 2222 1048 2287 historiae
1091 2222 1447 2305 iuriumque
1494 2222 1843 2287 doctrinam
1891 2222 2193 2289 adiecisse
2236 2242 2421 2287 nemo
2467 2223 2741 2305 negabit,
2798 2221 3033 2287 dixisse
3076 2222 3192 2287 ha-

753 2336 1000 2403 bemus:
1070 2336 1142 2403 In
1187 2337 1506 2421 republica
1553 2337 1825 2403 discreta
1871 2337 2216 2403 discordias
2263 2338 2427 2403 inter
2472 2357 2863 2403 communem
2913 2342 3193 2422 potesta-

753 2456 878 2515 tem
927 2456 992 2516 et
1037 2451 1316 2532 singulas
1363 2452 1649 2517 ciuitates
1697 2452 1921 2517 euitari
1970 2472 2092 2517 non
2141 2472 2359 2538 posse,
2416 2454 2537 2519 nisi
2583 2452 2699 2517 hae
2744 2452 2855 2517 illa
2898 2452 3195 2519 maiesta-

753 2568 836 2632 tis
883 2587 1040 2651 quae
1087 2566 1164 2632 ab
1213 2566 1334 2632 ista
1381 2566 1728 2632 exercenda
1774 2573 2019 2653 essent,
2076 2568 2215 2634 iura
2274 2569 2525 2634 omnino
2585 2568 2833 2653 penitus
2880 2568 3195 2634 funditus-

755 2702 876 2766 que
923 2677 1416 2766 deposuissent⁸.
1508 2681 1724 2766 Itaque
1773 2689 1843 2748 ut
1888 2685 2099 2748 statim
2147 2684 2387 2750 medias
2431 2685 2497 2748 in
2544 2704 2644 2750 res
2692 2683 3193 2770 progrediamur,

757 2796 874 2861 hac
927 2796 1149 2862 saltem
1210 2817 1275 2861 re
1334 2818 1371 2861 a
1428 2798 1666 2882 primo,
1729 2799 1831 2862 cui
1887 2798 2095 2865 oblata
2150 2805 2289 2864 erat
2341 2799 2720 2884 reipublicae
2777 2799 3083 2864 discretae
3127 2800 3193 2864 in

759 2908 1100 2976 Germania
1163 2911 1520 2978 condendae
1589 2914 1927 2978 auctoritas
1994 2933 2272 2997 summa,
2339 2914 2625 3000 principe
2680 2912 3011 2980 Borussico
3078 2933 3199 2980 acu

761 3030 927 3090 tacta
973 3025 1310 3112 Imperium
1361 3027 1621 3094 Sacrum
1670 3029 2077 3111 hodiernum,
2132 3030 2295 3113 quod
2358 3029 2573 3096 multis
2617 3030 2683 3094 in
2732 3029 2993 3111 singulis
3039 3029 3200 3096 iuris

763 3139 995 3221 publici
1043 3143 1368 3227 speciebus
1415 3143 1690 3208 nondum
1741 3145 1894 3210 satis
1941 3145 2257 3210 excultum
2306 3165 2441 3210 esse
2488 3145 2695 3228 quiuis
2742 3149 3051 3210 rectorum
3098 3145 3200 3230 ip-

765 3272 976 3318 sorum
1035 3259 1348 3341 concedit,
1405 3258 1716 3324 similibus
1772 3260 2281 3344 praeponendum
2342 3280 2479 3324 esse
2536 3260 2895 3326 ciuitatibus
2951 3255 3073 3345 ‘per
3110 3261 3203 3326 ci-

769 3366 995 3431 uitates
1043 3374 1402 3456 compositis
1460 3380 1646 3456 atque
1701 3394 1783 3437 ex
1834 3375 2198 3441 ciuitatibus
2243 3375 2669 3442 constantibus
2715 3375 3198 3460 proclamamus,

767 3479 930 3544 Nam
975 3499 1115 3546 cum
1163 3485 1226 3548 in
1259 3486 1551 3552 America
1595 3488 1851 3553 dubium
1867 3483 1912 3570 ⁹,
1960 3489 2023 3553 in
2070 3489 2318 3555 foedere
2347 3488 2581 3573 Alpino
2628 3509 2751 3556 non
2799 3497 3039 3556 certum
3086 3492 3202 3556 sit:

769 3613 921 3660 num
976 3601 1253 3678 potestas
1301 3603 1645 3667 communis
1701 3623 1897 3687 supra
1952 3604 2313 3670 ciuitatibus
2361 3604 2624 3686 singulis
2671 3605 2943 3672 emineat
2988 3611 3205 3672 aucto-

771 3710 1082 3792 ritateque
1143 3712 1225 3776 sit
1285 3716 1596 3796 praedita:
1657 3717 1816 3801 illis,
1873 3739 1996 3784 non
2057 3719 2255 3784 solum
2316 3720 2558 3786 ciuibus
2613 3718 2956 3786 indiuiduis
3002 3721 3205 3806 impe-

773 3824 978 3906 randi,
1025 3843 1144 3908 quo
1191 3827 1328 3892 iure
1374 3849 1670 3916 suspenso
1728 3833 1829 3898 uel
1886 3854 2011 3898 non
2059 3854 2355 3919 expresso
2402 3833 2848 3900 certaminibus
2894 3835 3207 3902 continuis

775 3958 968 4004 arena
1013 3947 1303 4024 paratur,
1358 3943 1548 4010 immo
1595 3947 1772 4014 bellis
1818 3949 2108 4015 ciuilibus
2154 3951 2397 4016 occasio
2443 3947 2545 4032 fit,
2602 3950 3008 4035 Imperium
3067 3970 3208 4016 no-

775 4060 1017 4120 strum
1070 4091 1146 4100 —
1197 4057 1482 4124 tristibus
1529 4064 2087 4130 confoederationis
2136 4085 2293 4148 quae
2340 4065 2680 4132 uocabatur
2724 4064 2775 4130 F
2778 4065 3209 4132 rancofurten-

775 4169 864 4238 sis
909 4172 1295 4254 temporibus
1354 4193 1467 4258 pro
1526 4174 1642 4240 hoc
1698 4197 1821 4242 uno
1877 4179 2032 4244 iuris
2089 4177 2325 4263 publici
2383 4179 2583 4244 nostri
2638 4181 2987 4246 communis
3032 4180 3208 4248 lucro

777 4284 1060 4350 habenda
1105 4292 1200 4350 est
1243 4289 1476 4367 gratia!
1515 4325 1591 4334 --
1628 4291 1979 4372 singulas
2010 4292 2377 4360 ciuitates
2407 4293 2627 4378 ipsas
2658 4295 2999 4360 continet
3030 4297 3211 4364 sub-

777 4398 1008 4464 ditas.
1079 4399 1150 4466 In
1194 4400 1490 4467 America
1533 4403 1785 4470 claritas
1814 4405 2013 4489 deest,
2058 4408 2207 4490 quia
2238 4427 2351 4492 pro
2383 4408 2653 4492 sphaera
2680 4411 2993 4474 communi
3022 4409 3215 4492 legis-

775 4512 1009 4580 latores
1054 4516 1288 4582 iudices
1334 4517 1608 4582 ministri
1654 4519 1980 4584 ciuitatum
2023 4540 2150 4585 non
2196 4521 2483 4588 ciuitates
2527 4523 2705 4608 ipsae
2734 4522 2988 4590 subesse
3018 4526 3215 4593 etiam
