3559 5175
1571 342 1762 429 23·

391 520 472 586 ab
519 520 938 586 acerbissimis
986 519 1273 585 unitariis
1321 519 1442 584 dici
1489 524 1773 604 possunt,
1821 518 1965 582 talis
2013 522 2219 582 autem
2266 518 2333 581 in
2364 516 2473 582 illo
2503 518 2641 582 iure
2673 536 2831 599 quae

392 634 562 721 apud
615 644 730 700 nos
776 636 1038 717 cogitari
1085 654 1212 700 non
1267 640 1478 720 potest
1522 633 1877 700 differentia
1932 632 2160 698 summi
2219 631 2515 717 ponderis
2572 636 2669 697 est
2720 630 2832 694 ha-

395 750 621 817 benda.

569 866 610 949 ⁴}
645 868 748 931 18.
842 865 1021 943 Quod
1063 866 1260 947 igitur
1305 864 1454 931 alibi
1501 882 1614 930 nec
1660 864 1905 945 legibus
1950 883 2065 929 nec
2120 861 2570 927 consuetudine
2614 858 2835 924 defini-

349 988 526 1056 ,tum
575 981 684 1047 sed
729 986 978 1046 tantum
1023 1000 1060 1045 a
1105 980 1260 1045 iuris
1307 979 1606 1045 consultis
1653 984 1953 1062 tanquam
2002 977 2339 1060 singularis
2372 975 2677 1060 quaedam
2710 976 2835 1040 101-

393 1097 680 1183 publicae
725 1097 1032 1162 discretae
1078 1094 1490 1180 perficiendae
1530 1094 1736 1177 imago
1786 1094 1994 1159 animo
2043 1092 2525 1175 etcogitatione
2571 1096 2873 1175 concep-'

391 1218 527 1277 tum
573 1218 690 1294 est,-
737 1212 902 1296 apud
949 1224 1064 1277 nos
1108 1211 1281 1292 uiget
1326 1230 1439 1294 per
1483 1210 1989 1276 constitutionem
2037 1215 2224 1291 atque
2271 1226 2450 1272 usum
2502 1206 2679 1290 quasi
2711 1185 2832 1270 1111-

393 1326 660 1411 plicatae
715 1325 1244 1409 difficillimaeque
1301 1326 1466 1391 inter
1522 1343 1911 1391 communem
1981 1326 2353 1407 potestatem
2426 1328 2489 1386 et
2556 1320 2835 1403 singulas

392 1441 682 1506 ciuitates
741 1440 1126 1529 conditionis
1185 1441 1442 1505 minime
1500 1439 1749 1533 quidem
1808 1443 2128 1503 contortae
2186 1435 2528 1521 exemplar.
2617 1435 2835 1518 Neque

395 1550 528 1621 sola
572 1556 725 1621 haec
771 1562 867 1621 est
910 1556 1048 1621 laus
1093 1556 1249 1620 iuris
1295 1555 1526 1639 publici
1571 1554 1772 1621 nostri
1819 1553 2102 1618 hodierni
2150 1551 2315 1637 quod
2362 1570 2399 1615 a
2429 1550 2644 1615 multis
2676 1548 2835 1615 Ger-

393 1672 596 1736 manis
653 1670 854 1735 doctis
908 1671 1149 1755 patriae
1205 1669 1307 1735 uel
1364 1670 1815 1735 amantissimis
1874 1668 1951 1734 ob
2000 1668 2474 1734 similitudinem
2522 1665 2832 1750 quandam
2900 1716 2909 1723 .

392 1805 533 1851 cum
587 1786 1012 1851 fundamentis
1067 1785 1382 1850 nonnullis
1450 1785 1622 1851 illius
1679 1788 1881 1850 status
1940 1785 2046 1867 qui
2102 1784 2247 1849 inde
2304 1784 2381 1849 ab
2440 1800 2601 1846 anno
2665 1783 2834 1847 1816

392 1917 589 1984 usqne
634 1900 714 1965 ad
761 1919 994 1965 0111111111
1043 1902 1212 1965 1866
1258 1899 1554 1965 infandae
1597 1920 1712 1967 nos
1759 1900 2134 1986 praebuerat
2180 1897 2491 1980 miseriae,
2542 1898 2691 1980 quia
2737 1916 2836 1961 se-

391 2021 576 2080 natus
631 2036 746 2101 per
801 2016 1318 2081 constitutionem·
1371 2016 1517 2081 anni
1570 2014 1737 2080 1867
1800 2018 2198 2099 comparatus
2254 2032 2417 2077 anno
2469 2014 2637 2077 1871
2686 2030 2834 2076 con-

389 2130 674 2195 firmatus
735 2130 920 2215 plane
984 2130 1318 2195 uidebatur
1386 2130 1618 2195 referre
1689 2136 1753 2195 et
1815 2130 2275 2195 constructione
2344 2134 2407 2193 01
2464 2126 2833 2193 consiliandi

391 2246 808 2329 censendique
855 2246 1040 2310 modo
1084 2251 1460 2311 conuentum
1506 2246 1684 2310 illum
1733 2244 2319 2309 Francofurtensem
2338 2292 2357 2325 ,
2403 2243 2831 2326 uituperatum

395 2365 492 2425 est
551 2381 588 2425 a
643 2360 985 2445 principi03
1052 2362 1596 2427 uerumenimuero
1657 2359 1935 2425 eiusdem
1996 2378 2153 2443 quae
2212 2378 2325 2443 per
2383 2355 2833 2442 rempublicam

393 2474 728 2542 discretam
777 2476 1008 2559 ubique
1051 2476 1312 2561 petitur,
1359 2475 1580 2540 salutis
1628 2465 1881 2545 'futurae
1922 2475 2209 2555 germina
2251 2472 2575 2557 praeclara
2620 2472 2685 2536 in
2720 2471 2860 2541 1100,

391 2593 530 2657 11110
574 2593 997 2677 potissimum,
1051 2593 1198 2675 quia
1243 2591 1453 2675 aliqua
1499 2611 1658 2674 quae
1705 2589 2265 2656 confoederationis
2311 2588 2569 2673 propria
2614 2589 2833 2652 existi-

392 2707 728 2772 mabantur
773 2707 880 2772 sed
929 2707 1310 2791 reipublicae
1365 2707 1670 2773 discretae
1718 2725 1842 2770 non
1891 2705 2141 2770 obstare
2185 2703 2368 2769 facile
2415 2702 2834 2768 demonstrari

391 2826 634 2906 potest,
691 2822 756 2886 in
805 2840 876 2887 eo
923 2823 1359 2907 reperiuntur,
1416 2821 1622 2906 posita
1681 2841 1816 2886 esse
1864 2821 2295 2903 unusquisque
2339 2838 2497 2904 puro
2545 2819 2833 2886 ueritatis

371 2937 600 3002 -studio
645 2937 890 3020 ductus,
937 2957 1076 3002 cum
1124 2937 1547 3002 institutiones
1594 2941 1844 3000 nostras
1892 2933 2223 2999 hodiernas
2270 2952 2394 2998 non
2442 2931 2643 2998 solum
2690 2951 2831 2998 011111

393 3052 821 3118 calamitatum
869 3053 1350 3137 praeteritarum
1395 3051 1598 3132 figura
1641 3047 1914 3134 (scilicet
1958 3050 2251 3114 miseriae
2296 3049 2459 3114 ratio
2506 3050 2569 3112 in
2618 3068 2833 3113 0011111-
2876 3099 2879 3102 .

391 3167 630 3233 latione
683 3168 946 3234 duorum
1005 3167 1560 3233 confoederationis
1622 3165 2151 3231 ualidis-simorum
2199 3165 2407 3249 posita
2453 3168 2589 3228 erat
2635 3183 2831 3228 mem-

395 3281 722 3367 broruml)
777 3282 886 3347 sed
933 3299 1074 3346 cum
1122 3282 1342 3347 alienis
1386 3280 1891 3346 institutionibus
1938 3279 2253 3344 hodiernis
2312 3276 2677 3360 contendet,
2732 3278 2831 3343 111-

392 3399 622 3463 ueniet.
715 3397 948 3463 Omnes
1005 3399 1170 3462 enim
1229 3395 1704 3462 constitutiones
1763 3415 1948 3478 qnam
2009 3395 2281 3460 habeant
2335 3392 2607 3458 indolem
2656 3393 2830 3457 ualo-

392 3531 672 3597 remque,
719 3496 954 3598 optime
1001 3513 1054 3577 si
1101 3512 1492 3577 diuersorum
1527 3509 1899 3595 populorum
1932 3510 2101 3591 leges
2146 3510 2312 3574 inter
2356 3529 2428 3573 se·
2470 3501 2829 3592 componas,

390 3627 664 3694 discerni
720 3647 904 3713 posse
960 3626 1328 3712 disciplinae
1382 3627 1538 3691 iuris
1586 3624 1818 3709 publici
1876 3623 2300 3716 aedificandae
2352 3623 2825 3701 fundamentum

391 3743 742 3828 opinamur.

569 3856 608 3939 ᾧ
643 3859 744 3922 19.
835 3856 922 3922 Et
977 3856 1264 3921 doctri-na
1306 3856 1560 3939 ‘quidem
1578 3905 1597 3938 ‚
1643 3873 1803 3938 quae
1850 3853 1933 3919 ad
1976 3859 2207 3919 statum
2256 3853 2579 3919 ciuitatum
2626 3853 2826 3920 inter-

393 3991 542 4036 num
590 3976 776 4056 atque
823 3971 901 4036 ad
946 3971 1088 4036 iura
1133 3971 1520 4056 publicarum
1569 3990 1778 4035 rerum
1840 3968 2474 4034 administrandarum
2534 3969 2824 4052 pertinet,

396 4086 545 4171 quin
593 4086 794 4152 adhuc
840 4105 981 4152 eum
1030 4087 1307 4168 modum,
1354 4105 1476 4170 quo
1525 4087 1587 4150 in
1635 4084 1914 4170 qualibet
1956 4085 2213 4149 ciuitate
2258 4085 2457 4148 artius
2504 4104 2582 4148 an
2617 4083 2823 4148 minus

395 4207 537 4268 arte
575 4201 856 4284 singulae
901 4201 1176 4267 ciuitatis
1220 4206 1464 4286 partes,
1511 4221 1667 4285 quas
1711 4199 2022 4280 gradatim
2069 4199 2209 4264 dico
2254 4199 2595 4285 municipia
2640 4219 2823 4280 agros

394 4335 589 4402 pagos
645 4317 930 4398 regiones
999 4317 1385 4402 prouincias,
1455 4335 1566 4400 per
1611 4333 2000 4380 communem
2074 4333 2380 4379 summam
2450 4318 2821 4399 potestatem

395 4431 835 4496 contineantur
879 4436 942 4496 01
987 4450 1114 4514 quo
1155 4431 1527 4516 praesertim
1575 4429 1888 4493 maximae
1933 4429 2051 4494 hae
2081 4429 2356 4493 ciuitatis
2386 4434 2621 4514 partes,
2668 4447 2825 4512 quas

394 4545 596 4612 instar
638 4545 1078 4612 celeberrimae
1125 4564 1197 4610 00
1241 4545 1426 4620 nohis
1464 4542 1976 4628 indagationique
2017 4549 2268 4608 nostrae
2314 4543 2642 4629 proximae
2667 4541 2825 4608 ciui-
