3559 5175
1690 346 1776 411 35

510 522 692 600 tates,
741 524 1021 603 apparet.
1101 520 1240 585 Non
1287 521 1510 586 eodem
1559 522 1695 587 iure
1742 523 1910 608 apud
1956 492 2281 589 Heluetios
2328 523 2615 589 ciuitates
2661 524 2836 609 ipsae
2880 525 2946 590 in

505 636 812 719 superiori
869 636 1132 702 concilio
1193 656 1408 719 agere,
1475 639 1680 703 minus
1740 639 1907 724 apud
1953 640 2363 706 Americanos
2425 640 2549 706 dici
2605 637 2944 728 possunt⁴⁴.

502 750 834 837 Quaequae
883 774 996 838 per
1041 755 1400 819 communis·
1451 756 1778 840 potestatis
1836 756 2090 821 ordines
2149 757 2510 822 sanciantur
2567 758 2756 824 etiam
2813 758 2947 824 illic

501 888 615 951 pro
685 870 974 937 omnibus
1045 870 1106 935 in
1179 872 1493 937 communi
1553 872 1872 936 territorio
1932 874 2328 939 manentibus
2388 894 2746 959 supremam
2804 870 2940 940 fieri

499 982 701 1065 legem
761 982 1162 1070 constat‚'ea
1207 994 1416 1073 tamen
1463 988 1851 1073 conditione,
1903 995 1969 1053 ut
2016 989 2145 1054 illic
2177 990 2422 1055 ‘rectius
2470 990 2762 1056 ciuitates
2811 991 2939 1056 sin-

501 1100 684 1181 gulae
743 1103 819 1168 ob
879 1104 942 1169 id
991 1104 1156 1187 quod
1203 1125 1316 1189 pro
1363 1109 1544 1189 parte
1601 1106 2030 1189 unusquisque
2090 1126 2167 1170 ex
2216 1126 2431 1171 earum
2478 1107 2723 1173 ciuibus
2769 1127 2939 1172 com-

497 1218 710 1282 munis
756 1219 1142 1304 reipublicae
1192 1222 1507 1306 particeps
1555 1227 1680 1304 est,
1739 1222 1951 1305 itaque
2001 1223 2189 1288 etiam
2238 1243 2381 1288 cum
2427 1222 2504 1288 de
2551 1224 2826 1309 propriis
2871 1225 2933 1291 in

501 1334 781 1417 qualibet
827 1337 1083 1402 ciuitate
1130 1337 1318 1402 rebus
1363 1344 1638 1403 rectores
1688 1357 1976 1423 proceres
2026 1339 2230 1404 nuntii
2278 1344 2489 1423 agant,
2537 1338 2681 1405 huic
2716 1360 2937 1426 supre-

499 1472 642 1517 mae
688 1453 809 1535 legi
860 1473 927 1517 se
975 1452 1228 1520 subesse
1277 1454 1638 1519 meminisse
1684 1454 1930 1536 debeat,
1979 1475 2100 1519 non
2152 1475 2275 1539 qua
2320 1456 2609 1520 ciuitates
2658 1476 2938 1523 commu-

499 1568 682 1633 nibus
729 1568 995 1634 decretis
1043 1569 1492 1655 obtemperent.
1588 1570 1748 1647 Quia
1792 1572 1987 1653 igitur
2032 1572 2098 1636 i'n
2146 1570 2441 1636 America
2487 1572 2819 1657 indirecte,
2872 1575 2937 1639 in

501 1680 792 1750 Helvetia
868 1686 1199 1770 directius,
1269 1688 1334 1751 in
1403 1685 1744 1753 Germania
1812 1688 2226 1754 directissime
2302 1687 2581 1771 singulas
2649 1690 2938 1755 ciuitates

504 1802 818 1867 communi
866 1805 1162 1887 potestati
1223 1824 1442 1887 parere
1490 1816 1742 1869 ‘necesse
1790 1811 1906 1887 est,
1956 1804 2289 1890 praecipue
2335 1805 2411 1870 ob
2461 1806 2721 1870 secu'ndi
2768 1806 2939 1871 ordi-‘-

497 1919 594 1983 nis
644 1918 1082 1984 formationem
1141 1918 1500 1985 differenter
1557 1921 1833 1985 ciuitatis
1892 1921 2199 1986 discretae
2256 1921 2593 2003 imaginem
2651 1942 2689 1985 a
2736 1923 2937 1989 tribus

504 2036 754 2121 populis
799 2034 1007 2101 fictam
1057 2056 1194 2101 esse
1242 2036 1686 2119 intelligamus,

675 2150 850 2234 §32
945 2151 1015 2217 In
1062 2151 1402 2218 Germania
1460 2153 1610 2218 haec
1668 2154 1895 2220 ciuitas
1951 2173 2169 2219 recens
2230 2174 2308 2219 ex
2366 2154 2726 2220 ciuitatibus
2783 2155 2940 2239 ipsis

493 2290 607 2354 pro
656 2290 728 2336 ea
780 2270 1172 2335 functionum
1219 2269 1610 2355 publicarum
1670 2270 1746 2335 de
1795 2290 1917 2354 qua
1962 2269 2377 2335 communiter
2424 2290 2609 2351 agere
2664 2290 2936 2337 conuen-

495 2391 628 2453 tum
678 2391 794 2469 est,
843 2393 1020 2472 parte
1069 2393 1132 2451 et
1179 2396 1257 2452 ex
1305 2386 1547 2452 ciuibus
1607 2386 1949 2452 individuis
2008 2390 2253 2451 constat
2299 2405 2413 2471 pro
2462 2387 2677 2452 eadem
2728 2366 2939 2473 parte:

493 2504 556 2568 in
590 2501 880 2569 Helvetia
914 2503 1208 2568 America
1251 2502 1473 2568 ciuitas
1522 2503 1795 2567 discreta
1842 2522 1920 2567 ex
1968 2502 2327 2569 ciuitatibus
2375 2504 2722 2589 composita
2766 2511 2937 2570 recte

493 2620 618 2686 dici
664 2641 784 2686 non
835 2628 1043 2706 potest
1089 2621 1198 2686 sed
1245 2621 1476 2686 rectius
1526 2619 1725 2685 solum
1788 2640 1866 2684 ex
1926 2619 2168 2685 ciuibus
2215 2621 2558 2687 indiuiduis
2606 2642 2719 2707 pro
2768 2641 2937 2688 com-

491 2738 666 2802 muni
712 2744 916 2823 parte,
964 2739 1070 2822 qui
1117 2736 1260 2822 plus
1306 2739 1513 2802 minus
1562 2737 1951 2819 singularum
2000 2739 2326 2804 ciuitatum
2366 2758 2630 2822 quarum
2678 2758 2791 2823 pro
2842 2739 2933 2804 al-

491 2860 630 2921 tera
674 2854 925 2940 publice
972 2854 1196 2937 agendi
1256 2858 1436 2940 parte
1484 2853 1670 2919 simul
1717 2854 1887 2920 ciues
1936 2861 2111 2939 sunt,
2172 2855 2413 2920 ratione
2470 2855 2685 2921 habita
2730 2856 2821 2920 ita
2866 2863 2937 2921 ut

493 2972 559 3036 in
608 2971 863 3037 secundi
912 2971 1149 3036 ordinis
1195 2971 1592 3036 institutione
1651 2971 1839 3036 etiam
1902 2971 2068 3057 apud
2116 2971 2525 3039 Americanos
2574 2972 2725 3037 haec
2769 2973 2931 3037 ratio

490 3089 764 3154 maxime
811 3089 896 3154 sit
940 3108 1260 3173 expressa,
1307 3089 1663 3152 communia
1708 3093 1953 3168 gerunt.

666 3203 842 3288 §33.
936 3205 1169 3283 Quodsi
1231 3205 1370 3288 quis
1423 3205 1488 3269 in
1538 3203 1877 3270 Germania
1923 3224 2048 3269 non
2103 3203 2283 3268 iuxta
2329 3204 2646 3268 ciuitatem
2698 3204 2933 3271 discre-

487 3327 656 3405 tam,
716 3322 823 3387 sed
885 3322 1083 3404 intra,
1148 3318 1346 3406 (quod
1409 3322 1597 3386 etiam
1654 3321 1720 3385 in
1777 3320 2071 3386 America
2116 3318 2409 3385 Heluetia
2464 3320 2580 3385 etsi
2636 3339 2763 3385 non
2822 3341 2929 3386 ex·

488 3439 725 3524 pressis
751 3438 1234 3508 Constitutionis
1260 3438 1469 3504 uerbis
1501 3436 1843 3519 inuenitur)
1878 3457 1993 3522 pro
2025 3436 2211 3504 rebus
2242 3436 2675 3503 communibus
2708 3437 2929 3504 ciuita-

487 3561 581 3620 tes
630 3555 908 3638 singulas
956 3555 1192 3640 positas
1241 3575 1377 3620 esse
1424 3555 1502 3620 ob
1549 3555 1874 3619 ciuitatum
1924 3554 2227 3619 maiorem
2264 3554 2690 3619 restictionem
2738 3573 2924 3636 aegre

483 3671 628 3755 fert,
674 3672 841 3737 idem
888 3676 1098 3737 tamen
1146 3677 1209 3736 et
1253 3671 1480 3736 iustius
1525 3676 1591 3736 et
1633 3670 1851 3736 utilius
1896 3670 2237 3746 secundum
2284 3670 2565 3736 ordinem
2614 3691 2653 3734 a
2697 3669 2924 3737 Teuto-

482 3789 668 3854 nibus
714 3789 1069 3854 institutum
1121 3808 1255 3854 esse
1301 3787 1615 3853 concedet.
1708 3786 1964 3871 Iustius,
2013 3787 2159 3872 quia
2204 3786 2269 3851 in
2312 3786 2606 3852 America
2635 3785 2925 3851 Helvetia

485 3904 763 3970 omnium
813 3904 1203 3988 singularum
1250 3904 1577 3969 ciuitatum
1633 3904 1699 3968 in
1758 3890 2070 3989 superiori
2130 3901 2390 3968 concilio
2438 3903 2810 3968 auctoritate
2857 3908 2922 3968 et

485 4021 902 4087 maximarum
971 4007 1035 4087 et
1099 4021 1499 4086 minimarum
1571 4020 1829 4107 paribus
1898 4020 2065 4085 uotis
2131 4020 2370 4104 pariter
2438 4019 2785 4102 eminente,
2852 4019 2918 4084 in

481 4134 820 4203 Germania
867 4138 1205 4205 secundum
1256 4138 1632 4223 potentiam,
1680 4156 1837 4222 quae
1883 4141 2161 4222 potestas
2209 4136 2601 4218 agnoscitur,
2648 4134 2913 4216 singulis

481 4254 840 4321 ciuitatibus
888 4253 990 4319 uel
1036 4254 1219 4340 plura
1263 4254 1366 4320 uel
1397 4255 1642 4319 minora
1671 4257 1821 4319 uota
1852 4252 2099 4318 dantur.
2157 4251 2677 4337 Vnumquemque
2706 4257 2915 4316 autem

479 4377 722 4437 tantum
771 4370 930 4435 iuris
961 4379 1263 4453 quantum
1297 4372 1626 4456 potestatis
1669 4371 1897 4436 habere
1944 4374 2314 4455 oportere
2362 4369 2428 4432 in
2477 4369 2661 4434 rebus
2708 4366 2914 4453 publi-

479 4489 570 4554 cis
616 4487 894 4554 iustitiae
938 4486 1416 4553 fundamentum
1475 4487 1715 4573 opinor.
1811 4485 2039 4552 Vtilius
2060 4535 2080 4570 ‚
2139 4486 2316 4572 quia,
2373 4503 2533 4569 quae
2585 4503 2699 4571 per
2743 4503 2913 4550 com-

478 4625 733 4672 munem
779 4607 1152 4692 potestatem
1201 4604 1696 4686 constituantur,
1749 4603 2046 4668 facillime
2100 4604 2168 4667 in
2214 4601 2553 4668 Germania
2596 4621 2737 4668 cum
2785 4600 2949 4666 sin--

2406 4712 2490 4769 3⁴»
