3559 5175
1579 271 1665 336 33

403 453 574 517 niam
635 450 724 517 nil
785 450 1052 516 humani
1085 448 1353 533 suffert,
1412 450 1634 515 formis
1690 448 2136 515 constitutione
2189 447 2564 534 praescripti
2622 447 2845 530 agendi

403 568 558 634 fines
605 569 887 654 proferre
935 563 1223 652 potest⁸⁰,
1271 572 1460 652 prout
1506 566 1764 652 quaeuis
1812 565 2087 631 ciuitatis
2135 566 2199 630 in
2232 584 2297 630 se
2331 564 2601 650 perfecte
2634 564 2845 631 unitae

398 704 650 772 *summa
695 674 1070 762 auctoritas3
1117 689 1335 748 contra
1367 684 1431 747 in
1465 682 1779 768 prioribus
1813 681 2455 747 confoederationibus
2488 701 2847 748 communes

401 802 508 885 qui
557 806 736 867 erant
783 801 1191 883 magistratus
1241 840 1328 851 —
1377 799 1429 863 si
1479 799 1668 881 legati
1718 797 1767 863 F
1771 798 2193 867 rancofortum
2242 798 2682 863 conuenientes
2714 818 2847 863 ma·

400 918 703 1001 gistratus
761 916 1014 982 nomine
1072 915 1243 997 digni
1306 934 1440 981 esse
1499 914 1622 1000 ipsi
1684 914 2018 980 uoluerunt
2074 934 2345 998 unquam
2396 950 2481 959 —
2533 935 2645 1000 per
2701 918 2849 979 uota

405 1035 646 1100 maiora
693 1032 892 1099 solum
942 1033 1120 1097 iuxta
1166 1032 1264 1097 ius
1310 1033 1590 1115 gentium
1625 1030 1890 1113 singulis
1938 1030 2324 1113 ciuitatibus,
2370 1051 2491 1115 qua
2540 1030 2848 1096 uniuersi-

402 1151 636 1216 tatibus
683 1148 981 1234 publicis,
1042 1148 1225 1234 plane
1272 1167 1394 1213 non
1443 1147 1685 1213 ciuibus
1734 1148 2105 1213 mandantes
2162 1146 2530 1233 plerumque
2576 1147 2713 1212 iure
2759 1145 2849 1210 nil

399 1266 606 1333 facere
677 1286 745 1331 se
803 1285 986 1352 posse
1043 1265 1107 1329 in
1164 1264 1489 1350 proposita
1545 1264 2043 1349 respondebant,
2112 1284 2312 1349 neque
2381 1284 2450 1329 re
2510 1283 2659 1329 uera
2723 1261 2847 1329 ullo

305 1361 312 1365 ⁵
401 1383 537 1448 iure
606 1383 716 1465 iis,
786 1402 945 1465 quae
1013 1380 1078 1446 in
1135 1380 1406 1448 foederis
1467 1386 1650 1466 pacto
1710 1381 1897 1447 certis
1955 1381 2394 1466 expressisque
2453 1380 2662 1447 uerbis
2725 1399 2847 1445 non

404 1504 584 1565 erant
629 1497 897 1584 scripta,
960 1504 1022 1563 et
1068 1497 1148 1561 ad
1196 1517 1353 1582 quae
1402 1497 1800 1583 potissimum
1850 1497 2067 1563 foedus
2115 1517 2238 1562 non
2286 1502 2423 1563 erat
2467 1498 2734 1581 factum,
2794 1497 2844 1561 si

402 1615 533 1681 fere
581 1635 647 1680 se
692 1608 1206 1708 immiscebant⁸⁷,
1255 1614 1514 1707 quoties⁴
1543 1615 1870 1680 ciuitatum
1918 1612 2304 1696 singularum
2354 1613 2636 1700 pluribus
2670 1613 2846 1680 uide-

408 1730 614 1816 batur,
662 1729 1239 1816 interponebantur.

578 1833 756 1929 ξ’29.
833 1846 919 1911 Et
963 1866 1102 1912 cum
1164 1845 1328 1931 apud
1379 1846 1788 1912 Americanos
1838 1846 2159 1913 Suitenses
2206 1843 2552 1911 Germanos
2610 1865 2843 1930 aequa-

404 1962 613 2028 biliter
659 1962 808 2028 olim
856 1982 932 2027 ex
980 1961 1225 2045 legatiS,
1273 1982 1536 2046 quorum
1587 1960 1852 2046 quisque
1898 1982 1935 2026 a
1982 1982 2132 2027 suae
2177 1962 2452 2028 ciuitatis
2486 1966 2643 2026 nutu
2691 1980 2845 2047 pen-

404 2078 589 2145 debat
634 2080 866 2162 quique
927 2078 1113 2165 plane
1171 2079 1350 2143 iuxta
1395 2071 1550 2144 i'uris
1597 2080 1877 2161 gentium
1928 2078 2177 2161 regulas
2223 2078 2389 2144 inter
2435 2099 2499 2143 se
2555 2077 2844 2163 agebant,

403 2196 730 2281 potestatis
778 2195 1126 2261 communis
1174 2194 1418 2260 sodales
1467 2201 1847 2279 constarent,
1894 2214 2057 2259 nunc
2102 2195 2165 2259 in
2216 2193 2417 2260 tribus
2462 2193 2587 2260 illis
2634 2194 2844 2261 foede-

400 2312 574 2378 ribus
622 2307 838 2378 e‘adem
889 2312 1162 2396 ratione,
1221 2332 1344 2396 qua
1389 2312 1454 2376 in
1503 2312 1760 2377 ciuitate
1807 2311 2084 2396 qualibet
2129 2306 2509 2395 concreta⁸⁸,
2570 2310 2844 2377 instituti

401 2434 548 2493 sunt
607 2448 968 2495 communes
1026 2433 1319 2494 rectores.
1415 2426 1676 2493 Constat
1737 2428 1901 2493 enim
1970 2427 2123 2495 haec
2166 2428 2505 2493 auctoritas
2553 2447 2846 2513 suprema

402 2544 584 2612 hodie
643 2544 874 2630 ubique
933 2564 1008 2611 ex
1069 2544 1268 2611 tribus
1327 2544 1651 2613 ordinibus
1711 2545 1948 2632 pariter
2008 2551 2195 2630 atque
2252 2544 2320 2610 in
2382 2543 2669 2612 omnibus
2715 2544 2845 2611 fere

399 2661 691 2748 Europae
741 2663 950 2745 regnis
998 2661 1204 2729 Medio
1253 2663 1428 2728 Aeuo
1475 2662 1811 2746 Extrem0,
1858 2662 2097 2750 pariter
2142 2667 2328 2746 atque
2376 2681 2570 2746 usque
2616 2661 2698 2726 ad
2745 2675 2842 2728 sc·

400 2778 607 2845 culum
669 2780 1078 2864 praeteritum
1129 2786 1476 2846 extremum
1538 2780 1604 2845 in
1650 2778 1982 2846 Britannia
2023 2776 2315 2862 Polonia,
2373 2779 2609 2864 pariter
2656 2784 2843 2863 atque

397 2887 478 2962 ex
548 2895 731 2961 huius
804 2895 995 2962 seculi
1067 2896 1377 2982 principio
1447 2897 1510 2960 in
1584 2896 1873 2962 omnibus
1944 2894 2075 2962 fere
2158 2893 2397 2976 (denuo
2466 2914 2588 2961 non
2655 2895 2840 2961 modo

398 3011 690 3099 Europae
748 3012 858 3079 sed
916 3007 1272 3094 Telluris³⁹)
1334 3012 1728 3096 ciuitatibuS,
1807 3032 1965 3097 quae
2034 3011 2384 3094 Anglorum
2455 3012 2734 3094 regimen
2803 3032 2841 3076 a

398 3127 877 3214 Montesquiello
947 3129 1152 3214 ‘primo
1220 3129 1386 3194 inter
1461 3128 1697 3194 alienos
1768 3129 2031 3194 summis
2098 3127 2388 3195 laudibus
2458 3127 2837 3195 celebratum

396 3245 541 3311 inde
598 3265 636 3310 a
693 3243 1074 3312 Gallicarum
1146 3265 1356 3312 rerum
1416 3265 1644 3328 magna
1703 3245 2145 3328 conuersione,
2210 3263 2590 3329 quamquam
2651 3250 2714 3310 et
2759 3245 2837 3311 ob

397 3381 673 3427 errorem
720 3361 798 3427 de
842 3361 1015 3427 illius
1065 3362 1389 3444 regiminis
1449 3362 1875 3428 fundamentis
1932 3362 2331 3427 commissum
2395 3368 2457 3426 et
2502 3361 2579 3428 ob
2626 3381 2834 3427 rerum

402 3477 838 3559 grauissimam
891 3477 1319 3544 diuersitatem
1370 3499 1440 3544 re
1496 3499 1646 3544 uera
1703 3478 1942 3543 imitari
1998 3498 2120 3542 non
2178 3481 2546 3562 potuerant,
2604 3481 2837 3562 tamen,

388 3575 698 3677 'quantum
758 3593 965 3679 specie
1029 3593 1310 3678 ualebat,
1379 3595 1739 3660 imitaturae
1799 3599 1995 3660 erant.
2088 3593 2339 3660 Scilicet
2405 3614 2486 3660 ex
2551 3595 2834 3678 rectoriS,

396 3711 527 3795 qui,
572 3730 711 3777 cum
748 3711 815 3775 in
859 3710 1102 3793 legibus
1132 3711 1407 3776 serendis
1457 3710 1624 3776 solus
1671 3711 1927 3796 prodire
1972 3716 2263 3796 nequeat,
2308 3710 2373 3776 in
2404 3710 2542 3776 iure
2571 3709 2833 3776 dicendo

394 3832 457 3892 et
510 3825 698 3892 rebus
757 3826 1274 3893 administrandis
1343 3827 1752 3910 auctoritate,
1824 3847 1937 3913 per
2003 3831 2241 3893 ceteros
2311 3827 2467 3892 duos
2527 3820 2833 3893 ordines⁴⁰

392 3942 673 4029 paullum
731 3943 1056 4028 restricta,
1110 3947 1411 4029 tanquam
1471 3962 1751 4008 summus
1810 3962 2031 4010 censor
2086 3947 2149 4009 et
2201 3943 2682 4026 magistratuum
2730 3942 2833 4009 uel

394 4058 694 4125 iudicium
753 4059 857 4126 uel
903 4059 1413 4126 administrorum
1460 4065 1704 4126 creator
1747 4058 2011 4144 gaudet,
2066 4060 2314 4144 ordine,
2368 4080 2446 4126 ex
2492 4058 2833 4146 superioris

393 4176 641 4242 concilii
688 4176 929 4260 ordine,
977 4196 1055 4242 ex
1101 4176 1416 4242 inferioris
1462 4176 1707 4243 concilii
1753 4176 1990 4242 ordine.

574 4290 610 4375 ξ
636 4293 742 4358 30.
788 4294 996 4376 Atque
1021 4285 1122 4358 hic
1146 4293 1371 4358 tertius
1394 4293 1643 4376 quidem
1670 4293 1823 4359 ordo
1846 4293 2010 4359 sicut
2036 4293 2103 4358 in
2135 4290 2494 4358 ciuitatibus
2524 4292 2830 4358 concretis

355 4477 369 4490 ,
397 4414 459 4475 et
503 4409 670 4495 apud
703 4409 1110 4475 Americanos
1157 4414 1220 4475 et
1265 4409 1431 4496 apud
1461 4408 1782 4476 Helvetios
1830 4415 1893 4476 et
1936 4409 2102 4495 apud
2135 4408 2445 4476 Teutones
2474 4429 2599 4475 non
2644 4409 2828 4475 modo

394 4524 716 4612 popularis
773 4545 994 4591 uerum
1050 4526 1238 4591 etiam
1310 4526 1374 4591 in
1435 4524 1652 4611 populi
1709 4545 1952 4592 summo
2007 4526 2223 4592 fauore
2279 4532 2393 4591 est.
2488 4526 2665 4603 Quod
2721 4527 2828 4611 qui

2335 4639 2371 4692 3
