3559 5175
635 1404 812 1487 §15
906 1404 1196 1471 Ciuitatis
1249 1406 1558 1473 discretae
1618 1406 1790 1471 notio
1847 1427 1959 1491 per
2004 1404 2452 1473 Americanos²
2510 1408 2690 1474 nobis
2751 1408 2899 1473 data

453 1522 722 1587 foederis
770 1527 956 1606 atque
1003 1522 1278 1588 ciuitatis
1323 1522 1690 1586 mixtionem
1740 1521 2068 1604 significat.
2145 1522 2308 1587 Illud
2352 1543 2579 1608 nempe
2624 1523 2898 1589 ciuitatis

453 1638 836 1723 compositae
882 1656 1076 1718 genus
1125 1656 1244 1721 quo
1291 1637 1577 1703 civitates
1634 1637 1917 1719 singulae
1960 1657 2187 1703 nouam
2236 1657 2626 1703 communem
2674 1639 2897 1703 ciuita-

453 1758 579 1817 tem
629 1751 966 1818 efficientes
1011 1753 1337 1817 ciuitatum
1399 1751 1762 1835 qualitatem
1826 1754 2154 1819 retineant.
2229 1748 2660 1818 Pufendorfio'
2706 1754 2893 1819 etiam

453 1869 619 1933 uniri
668 1888 850 1954 posse
897 1868 1185 1933 ciuitates
1243 1868 1562 1950 diuersae,
1622 1874 1692 1933 ut
1745 1875 1998 1934 maneat
2053 1889 2332 1953 quaeque
2390 1870 2554 1953 quod
2610 1869 2764 1951 fuit,
2823 1888 2899 1933 ea

451 1984 810 2049 conditione
865 1983 1062 2048 solum
1115 1977 1453 2065 uidentur³,
1501 1988 1572 2048 ut
1616 2004 1730 2068 per
1777 1983 2030 2048 modum
2081 1983 2331 2049 artioris
2377 1984 2683 2067 foederiS‚
2731 1984 2893 2068 quod

453 2105 728 2183 systema
797 2097 1048 2182 aliquod
1109 2118 1234 2162 non
1292 2104 1499 2201 autem
1559 2100 1879 2164 ciuitatem
1954 2099 2207 2184 proprie
2263 2100 2492 2164 dictam
2550 2099 2895 2185 producere

403 2280 406 2285 ,
451 2222 666 2300 aptum
714 2216 818 2296 sit,
865 2220 1337 2300 componantur.
1398 2213 1589 2297 GuJus
1623 2214 1995 2299 amplissimi
2030 2215 2151 2279 uiri
2185 2214 2627 2298 dubitationeS‚
2676 2235 2893 2299 quam-

453 2348 637 2413 quam
687 2344 851 2394 nunc
898 2349 934 2393 a
980 2329 1268 2414 pluribus
1314 2348 1375 2393 u.
1425 2329 1484 2394 d.
1535 2335 1927 2415 repetuntur,
1975 2335 2184 2395 tamen
2234 2350 2269 2394 a
2314 2325 2664 2415 plerisque⁴
2709 2330 2893 2395 hodie

449 2445 986 2530 non=probantur.
1081 2443 1650 2510 Contradictionem
1709 2447 1774 2510 in
1835 2445 2075 2511 adiecto
2133 2466 2256 2510 non
2314 2465 2449 2510 esse
2495 2466 2643 2528 ergo
2688 2448 2892 2531 possi-

449 2560 672 2644 bilem,
743 2560 1211 2645 quibuscunque
1280 2561 1562 2627 nitantur
1635 2561 1875 2644 causis,
1943 2560 2238 2647 permulti
2309 2561 2607 2628 dixerunt
2672 2560 2741 2628 C.
2809 2561 2889 2628 D.

448 2674 665 2760 Itaque
702 2677 764 2741 in
800 2676 958 2741 hane
989 2697 1105 2766 per
1136 2677 1292 2742 iuris
1323 2677 1718 2762 prudentiam
1755 2675 2191 2744 Germanicam
2242 2677 2306 2741 in
2352 2678 2530 2742 cuius
2575 2678 2710 2742 foro
2732 2686 2736 2690 '
2759 2697 2891 2742 om-

447 2812 560 2857 nes
607 2791 989 2857 iuridiciales
1036 2792 1335 2859 ueritates
1381 2791 1837 2858 confirmandas
1896 2813 2031 2858 esse
2078 2799 2253 2858 trans
2299 2792 2612 2858 Oceanum
2659 2793 2889 2859 uocife-

447 2913 668 2972 rantur
731 2905 933 2972 adhuc
992 2927 1359 2973 consensum
1423 2915 1741 2993 receptam
1790 2909 2105 2973 notionem
2156 2915 2454 2992 tanquam
2503 2909 2565 2973 in
2614 2908 2886 2973 studium

445 3021 795 3102 legitimum
859 3041 897 3085 a
954 3023 1300 3089 maioribus
1335 3000 1740 3088 ’translatum
1812 3023 2025 3101 statim
2092 3022 2421 3105 indagare,
2492 3022 2658 3088 haud
2711 3022 2887 3106 prius

445 3136 794 3203 realitatem
845 3140 978 3202 eius
1026 3138 1292 3222 probare
1339 3145 1622 3204 nostrum
1669 3129 1808 3205 erit.

623 3251 660 3334 ξ
698 3254 797 3318 16.
893 3253 1170 3318 Atlantis
1214 3254 1557 3338 foedusque
1604 3255 1905 3340 Alpinum
1969 3273 2166 3337 usque
2212 3253 2289 3318 ad
2334 3261 2624 3334 'magnam
2674 3267 2880 3315 rerum

447 3365 964 3433 Germanicarum
1013 3389 1175 3434 anno
1229 3371 1400 3436 1866
1447 3371 1676 3436 factam
1727 3370 2135 3435 mutationem
2196 3369 2365 3434 solae
2423 3366 2707 3432 ciuitates
2754 3362 2882 3427 dis-

445 3489 652 3549 cretae
709 3503 868 3569 pene
935 3481 1350 3549 unanimiter-⁶
1427 3485 1925 3571 appellabantur.
2019 3484 2109 3549 At
2176 3503 2341 3549 nunc
2396 3479 2565 3546 Sacri
2626 3477 2880 3562 Imperii

447 3601 647 3664 nostri
705 3600 908 3665 forma
979 3601 1223 3666 etiamsi
1293 3601 1568 3666 ciuitatis
1635 3601 1941 3666 discretae
2008 3599 2284 3681 regimen
2341 3613 2462 3662 non
2520 3600 2685 3659 esset
2738 3612 2879 3658 eum

445 3714 571 3780 illis
641 3715 1071 3800 componenda
1137 3715 1380 3781 iuribus
1448 3716 1714 3801 publicis
1740 3713 1783 3780 ⁶.
1885 3714 2160 3792 Quorum
2232 3712 2494 3778 duorum
2558 3708 2877 3773 foederum

447 3835 826 3895 structuram
883 3831 1314 3896 examinantes
1363 3851 1440 3896 ex
1495 3831 1573 3895 iis
1632 3851 1791 3922 quae
1850 3829 2101 3912 regibus
2155 3822 2510 3890 desentibus
2567 3822 2879 3907 permulta

447 3944 682 4010 similia
729 3945 957 4011 habent
1002 3945 1178 4011 uelut
1222 3951 1317 4010 tot
1348 3946 1454 4011 alii
1491 3946 1612 4010 uiri
1659 3946 1824 4011 docti
1872 3942 2144 4010 ciuitatis
2189 3940 2497 4006 discretae
2541 3937 2877 4020 imaginem

445 4061 806 4128 abstrahere
864 4081 987 4126 non
1035 4060 1285 4126 difficile
1344 4062 1733 4128 haberemus,
1826 4060 2115 4125 Fortasse
2174 4056 2297 4120 iam
2354 4060 2504 4118 tunc
2562 4052 2758 4117 multa
2814 4054 2877 4117 in

443 4177 558 4242 hoc
612 4197 821 4242 rerum
879 4177 1144 4242 circuitu
1203 4176 1367 4242 male
1429 4197 1565 4242 esse
1611 4175 1928 4241 intellecta
1974 4171 2371 4254 ciuitatisque
2417 4169 2723 4234 discretae
2767 4188 2879 4233 no-

448 4293 683 4372 tionem
730 4292 807 4358 ab
855 4291 1011 4376 ipsis
1043 4293 1407 4357 Americani
1453 4293 1610 4358 iuris
1657 4289 2011 4356 auctoribus
2045 4306 2267 4371 nempe
2314 4306 2351 4349 a
2383 4283 2707 4370 Supremis
2753 4283 2879 4348 illis

446 4407 760 4473 Iudieibus
807 4407 990 4472 aliter
1036 4413 1226 4492 atque
1272 4429 1385 4493 per
1432 4409 1767 4492 scriptores
1813 4406 2171 4488 frequenter
2219 4401 2414 4466 lectos
2459 4403 2877 4466 constructam

443 4523 711 4608 probare
759 4542 1103 4608 possemus.
1902 4501 1909 4510 ⁷
