3559 5175
965 1206 1304 1301 INDEX
1358 1146 2314 1303 PARAGRAPHORVM

1586 1356 1688 1403 QVI

404 1445 635 1505 LIBRO
684 1448 818 1513 „DE
872 1446 1075 1507 IVRIS
1131 1448 1281 1505 PER
1340 1447 1770 1508 COMMVNEM
1827 1448 2326 1510 POTESTATEM
2382 1446 2730 1507 SINGVLIS
2773 1448 2859 1505 IN

406 1552 758 1613 CIVITATE
787 1553 1155 1613 DISCRETA
1186 1553 1662 1615 CIVITATIBVS
1692 1555 2012 1615 DICVNDI
2046 1556 2226 1616 IVRE
2238 1564 2262 1585 “
2298 1553 2857 1615 CONTINENTVR.

1527 1716 1739 1723 ————-

1204 1842 2057 1919 prolegomena.

1373 1977 1563 2048 Caput
1597 1979 1890 2033 Primum.

462 2069 500 2122 1.
560 2068 877 2123 Exordium.

621 2171 650 2229 ξ
715 2168 763 2220 1.
823 2166 904 2220 De
943 2164 1215 2220 scribendi
1253 2164 1414 2218 huius
1452 2164 1573 2218 libri
1610 2167 1837 2220 ratione.

621 2268 650 2326 ἓ
710 2265 762 2317 2.
815 2263 900 2315 De
936 2262 1194 2317 Methodo
1232 2262 1622 2331 Inuestigandi.

622 2366 651 2424 ξ
713 2362 762 2414 3.
823 2360 903 2414 De
941 2358 1199 2413 Methodo
1235 2360 1581 2428 Exponendi.

430 2460 498 2512 11.
557 2458 835 2513 Sermonis
871 2458 1178 2526 explicatio.

622 2560 652 2620 ξ
713 2558 764 2610 4.
823 2555 907 2610 De
945 2554 1205 2610 Sermone
1246 2555 1456 2608 Latino,

622 2659 651 2717 ξ
712 2656 762 2708 5.
820 2654 903 2706 De
943 2652 1348 2707 vocabularum
1391 2653 1812 2721 Irregularitate.

623 2757 653 2816 ἓ
714 2754 764 2806 6.
820 2752 905 2805 De
943 2750 1232 2805 uerborum
1273 2749 1688 2818 significatione.

625 2855 653 2912 ἓ
716 2850 765 2902 7.
825 2849 906 2905 De
945 2847 1236 2917 speciebus
1267 2847 1602 2916 reipublicae
1640 2846 1929 2901 discretae.

624 2951 654 3010 ἓ
714 2928 765 3000 8'.
825 2945 1260 2999 Abbreniaturae
1299 2945 1576 2999 titulorum
1615 2943 1765 2998 libris
1804 2945 1986 2997 citatis
2022 2943 2417 3011 impositorum.

623 3049 652 3108 ξ
712 3046 762 3097 9.
820 3043 1256 3096 Abbi-eniaturae
1294 3043 1569 3096 nominum
1611 3042 2055 3095 Americanarum
2096 3041 2398 3094 ciuitatum.

623 3146 653 3205 g
681 3143 763 3196 10.
821 3141 902 3195 De
941 3138 1392 3208 interpungendo.

410 3241 505 3294 111.
563 3240 646 3292 De
684 3238 943 3293 font-ibus.

626 3342 656 3400 ξ
686 3339 768 3390 11.
826 3337 910 3390 De
935 3335 1338 3389 Constitutione
1363 3333 1693 3388 American&
1729 3349 1827 3401 per
1864 3332 1917 3386 S.
1948 3332 2142 3386 Curiae
2170 3332 2487 3386 Decisiones
2526 3331 2686 3386 modo
2713 3337 2861 3385 recte

827 3432 1110 3487 illustrate..

625 3537 654 3606 ς
685 3533 766 3586 12.
821 3530 906 3583 De
945 3529 1184 3598 Legibus
1222 3533 1278 3583 et
1314 3528 1712 3596 Legislatorum
1753 3526 2118 3582 Orationibus.

412 3630 508 3684 IV.
565 3629 650 3682 De
689 3627 1060 3696 scriptoribus,

626 3729 656 3788 ξ
682 3726 767 3778 13.
825 3725 908 3779 De
945 3722 1300 3792 scriptoribus
1340 3722 1696 3776 Americanis.

630 3827 660 3886 ξ
689 3824 772 3875 14.
827 3823 911 3876 De
948 3820 1305 3891 scriptoribus
1341 3821 1644 3890 Europaeis
1681 3821 1773 3889 qui
1811 3822 2053 3873 nostram
2090 3819 2465 3888 quaestionem
2504 3821 2797 3888 attingunt.

487 3919 772 3988 Sequitur:
811 3920 975 3974 Pars
1012 3918 1368 3988 generalis
1407 3933 1538 3986 qua
1575 3918 1938 3986 exponitur
1973 3917 2222 3972 titulus
2258 3916 2435 3971 libro
2472 3919 2860 3989 impositus.

1430 4013 1558 4066 (Pars
1586 4013 1846 4068 analytica.)

2542 3579 2579 3612 0

966 4173 1115 4232 De
1186 4169 1686 4232 Ciuitate
1754 4167 2304 4234 Discretss.

1347 4287 1539 4359 Caput
1575 4287 1928 4346 Secundum.

465 4363 510 4417 1.
563 4360 880 4417 Exordium.

627 4462 657 4522 ξ
686 4459 770 4513 15.
823 4458 908 4513 De
932 4457 1180 4527 legitimo
1203 4457 1440 4513 notionis
1468 4456 1712 4528 „Ciuitas
1728 4457 2015 4514 Discreta“
2042 4462 2304 4530 tanquam
2330 4458 2632 4516 tralaticiae
2659 4456 2861 4514 studio·

627 4559 658 4619 ξ
686 4556 769 4610 16.
829 4555 914 4611 De
950 4569 1192 4611 errorum
1230 4555 1286 4610 in
1324 4556 1546 4612 notione
1581 4556 1963 4626 possibilitate.
