3559 5175
1924 290 2007 355 12

951 468 981 528 5
1010 465 1093 517 17.
1150 462 1444 519 Germania
1482 463 1684 517 arctius
1721 462 1937 534 foedus,
1974 479 2136 533 quam
2177 465 2415 520 Atlantis
2452 466 2721 521 Heluetia.

951 565 981 625 5
1011 561 1094 617 18.
1151 560 1293 625 Quia
1328 560 1568 615 animum
1609 561 1972 631 collectiuum‚
2010 561 2105 629 qui
2143 577 2288 616 nunc
2325 567 2425 631 est,
2463 577 2573 618 non
2610 564 2845 634 attingit,
2885 564 3202 622 Confoede·

1149 658 1376 713 rationis
1412 656 1665 713 Francos.
1703 657 2003 713 similitudo
2039 674 2147 713 non
2185 664 2362 714 nocet.

947 758 978 819 5
1006 755 1090 809 19.
1143 754 1231 809 De
1268 755 1435 811 uariis
1472 772 1553 825 rp.
1592 754 1863 810 discretae
1900 755 2190 825 speciebus
2227 772 2336 813 non
2370 756 2603 813 libenter
2638 757 2939 815 disseritur.

756 851 827 907 H.
882 852 988 921 Rp.
1026 851 1298 907 discretae
1334 853 1497 909 realis
1534 852 1712 921 figura
1747 854 2068 921 exquiritur.

947 954 978 1014 5
1004 950 1092 1005 20.
1146 949 1395 1005 Foedera
1431 952 1550 1006 sine
1587 950 1770 1006 animo
1810 950 2095 1007 collectiuo
2132 952 2366 1021 plurima
2399 950 2636 1007 fuerunt.

947 1052 978 1112 5
1002 1048 1087 1103 21.
1142 1046 1390 1103 Foedera
1425 1052 1691 1118 perpetua
1729 1048 2114 1117 Antiquorum.

947 1148 978 1209 5
1001 1145 1088 1199 22.
1143 1144 1392 1199 Foedera
1428 1145 1803 1200 Heluetiorum
1844 1145 2200 1202 Batauorum.

949 1246 979 1305 5
1004 1242 1091 1296 23.
1149 1240 1375 1301 Sacrum
1413 1243 1707 1312 Imperium
1745 1244 2069 1299 Romanum.

949 1343 979 1402 5
1005 1340 1092 1393 24.
1147 1339 1395 1394 Foedera
1431 1342 1485 1393 in
1523 1340 1680 1395 Nouo
1717 1340 1921 1395 Mundo
1958 1341 2028 1395 ad
2067 1340 2127 1395 C.
2155 1342 2442 1397 Vnitarum
2482 1342 2787 1410 exemplum
2827 1339 2972 1395 ficta.

949 1440 979 1499 5
1004 1437 1088 1490 25.
1146 1436 1548 1491 Coniurationis
1585 1438 1741 1492 Helu.
1782 1444 1839 1493 et
1876 1438 1929 1493 S.
1957 1438 2177 1507 Imperii
2215 1455 2263 1492 a.
2296 1438 2449 1493 1848.
2483 1438 2615 1491 1867
2656 1438 3004 1493 mutationes.

734 1533 834 1586 111.
891 1532 1034 1598 ,Quid
1073 1549 1360 1589 commune
1397 1533 1636 1589 habeant
1671 1541 1783 1589 tres
1818 1532 2029 1605 figurae
2066 1536 2339 1589 inuentae.

949 1635 978 1694 5
1003 1631 1088 1685 26.
1143 1631 1280 1685 Tres
1318 1647 1458 1699 quae
1497 1634 1803 1700 quaestioni
1842 1632 2075 1687 subsunt
2111 1650 2189 1702 rp.
2220 1633 2490 1687 discretae
2518 1631 2726 1701 figurae
2754 1632 2999 1686 similiter
3023 1646 3195 1700 quae-

1147 1743 1253 1796 que
1290 1744 1424 1797 erga
1459 1730 1776 1798 peregrinos
1816 1731 2019 1784 unitae.

949 1829 979 1888 5
1005 1825 1091 1879 27.
1147 1824 1480 1880 Potestatem
1521 1842 1652 1883 uere
1687 1826 1904 1881 ciuilem
1944 1826 2164 1882 habent.

947 1925 978 1985 5
1002 1922 1088 1976 28.
1146 1921 1400 1977 Potestas
1437 1923 1572 1977 haec
1609 1924 2031 1994 competentiam
2068 1922 2312 1993 proferre
2348 1928 2550 1993 potest.

948 2023 978 2082 5
1002 2020 1089 2075 29.
1145 2020 1442 2075 Potestatis
1479 2020 1641 2076 huius
1677 2022 1957 2091 expressio
1997 2022 2188 2076 similis
2225 2021 2444 2091 ubique.

738 2116 830 2171 lV.
889 2116 1030 2181 Quid
1067 2116 1321 2171 differant
1357 2118 1411 2171 in
1450 2119 1658 2173 ratione
1696 2124 1893 2173 statuS.

950 2219 979 2277 5
1003 2215 1089 2267 30.
1146 2214 1469 2270 Nuntiorum
1509 2217 1849 2286 popularium
1890 2217 1944 2269 in
1970 2216 2252 2271 Atlantide
2291 2216 2362 2271 ad
2398 2218 2653 2272 ciuitates
2691 2217 2942 2272 restricta
2977 2216 3193 2269 electi0.

949 2315 979 2375 5
1003 2313 1089 2366 31.
1147 2314 1210 2365 In
1246 2313 1489 2367 secundo
1528 2314 1718 2367 ordine
1755 2314 1977 2368 diuersa
2014 2314 2356 2382 compositi0.

950 2413 980 2473 5
1007 2410 1094 2463 32.
1152 2409 1384 2463 Diuersa
1418 2410 1586 2477 igitur
1622 2427 1702 2480 rp.
1743 2412 2014 2465 discretae
2052 2417 2341 2466 structura.

950 2510 980 2570 5
1006 2507 1092 2560 33.
1151 2506 1462 2561 Germanici
1497 2524 1676 2562 rerum
1717 2510 1865 2563 modi
1903 2509 2109 2563 laudes.

949 2608 979 2668 5
1005 2605 1091 2660 34.
1147 2605 1524 2670 Quantitatiua
1561 2612 1689 2660 sunt
1726 2607 2055 2662 discrimina.

952 2706 982 2765 5
1008 2703 1094 2756 35.
1151 2703 1316 2757 Primi
1353 2703 1559 2759 ordinis
1596 2704 1888 2759 diuersitas
1936 2706 1992 2759 in
2030 2705 2338 2760 existentia.

949 2803 980 2863 5
1005 2800 1092 2854 36.
1143 2800 1489 2855 Maiestatem
1526 2817 1870 2857 communem
1887 2842 1901 2871 ,
1951 2817 2092 2872 quae
2142 2803 2198 2857 in
2244 2801 2420 2857 tribus
2469 2806 2555 2856 est
2590 2816 2670 2870 rp.
2694 2800 2989 2870 discretis,
3040 2797 3195 2854 uarie

1065 2953 1072 2960 ,
1154 2903 1569 2967 repraesentant
1603 2899 1764 2968 primi
1802 2899 2039 2955 ordines.

952 2997 982 3058 5
1005 2993 1093 3048 37.
1151 2995 1244 3050 Ius
1279 2996 1583 3064 legatorum
1635 2997 1909 3052 maiestati
1959 2996 2213 3052 residuae
2250 2996 2306 3051 in
2350 2995 2405 3050 S.
2443 2996 2679 3066 Imperio
2717 2997 2970 3050 seruatur
3006 2993 3194 3063 singu·

1151 3093 1356 3147 latitas.

952 3194 982 3254 5
1008 3191 1095 3244 38.
1152 3191 1352 3245 Variae
1389 3195 1501 3244 tres
1539 3190 1752 3259 species
1791 3191 2012 3246 nomina
2047 3191 2340 3261 accipiunt.

765 3285 834 3341 V.
889 3287 963 3342 Et
1000 3288 1152 3342 uarie
1187 3292 1246 3342 et
1281 3302 1457 3356 aeque
1493 3287 1632 3342 ratio
1669 3287 2014 3356 gubernandi
2050 3303 2110 3344 se
2147 3287 2315 3343 habet
2350 3288 2407 3344 in
2443 3287 2618 3343 tribus
2654 3285 2963 3358 speciebus.

956 3388 987 3449 5
1010 3385 1099 3439 39.
1156 3382 1511 3440 Gubernandi
1547 3384 1743 3439 modus
1780 3385 1837 3438 in
1875 3385 1936 3440 G.
1964 3386 2033 3440 D.

955 3487 986 3547 5
1009 3483 1098 3570 40⁰·
1156 3481 1512 3538 Gubernandi
1549 3481 1765 3537 obiecta
1802 3483 1859 3537 in
1896 3482 1956 3538 C.
1983 3482 2054 3537 D.

1230 3727 1378 3786 De
1449 3726 2031 3787 Communi
2099 3726 2710 3787 Potestate.

1714 3843 1908 3916 Caput
1945 3846 2237 3903 Tertium.

795 3935 835 3988 Ι.
893 3935 978 3988 De
1016 3933 1093 3988 rei
1129 3934 1366 3988 notione.

957 4035 988 4096 5
1012 4031 1100 4085 41.
1157 4031 1296 4096 Quid
1335 4031 1407 4084 sit
1444 4030 1502 4085 C.
1517 4032 1575 4086 P.

960 4133 990 4192 5
1014 4129 1100 4183 42.
1156 4129 1202 4182 E
1239 4129 1575 4198 singularum
1611 4129 1895 4184 ciuitatum
1935 4129 2223 4182 maiestate
2261 4128 2509 4182 seiuncta
2536 4128 2793 4182 maiestas
2818 4142 2916 4195 per
2941 4127 3195 4182 unanime

1159 4232 1409 4295 pactum:
1459 4226 1818 4281 unanimitate
1864 4226 1973 4280 iam
2017 4241 2125 4281 non
2163 4240 2303 4294 opus
2338 4239 2462 4279 esse
2498 4224 2569 4278 ad
2605 4223 2947 4293 gubernandi
2982 4225 3195 4295 aliquas

1161 4324 1422 4379 actiones.

961 4423 993 4492 5
1018 4423 1107 4478 43.
1163 4421 1316 4487 Quae
1349 4422 1471 4477 iura
1504 4421 1586 4476 sic
1622 4435 1785 4476 cessa
1805 4424 1869 4474 ut
1891 4433 2038 4475 noua
2058 4433 2295 4488 persona
2318 4418 2607 4475 maiestate
2632 4418 2883 4489 praedita
2906 4419 3022 4476 scil.
3050 4434 3194 4476 com-

1162 4518 1343 4574 munis
1376 4517 1623 4587 potestas
1661 4517 1994 4572 cessionaria
2028 4515 2143 4572 fiat.
