<?xml version="1.0" encoding="UTF-8"?>
<!DOCTYPE html PUBLIC "-//W3C//DTD XHTML 1.0 Transitional//EN"
    "http://www.w3.org/TR/xhtml1/DTD/xhtml1-transitional.dtd">
<html xmlns="http://www.w3.org/1999/xhtml" xml:lang="en" lang="en">
 <head>
  <title>
</title>
<meta http-equiv="Content-Type" content="text/html;charset=utf-8" />
  <meta name='ocr-system' content='tesseract 3.04.00' />
  <meta name='ocr-capabilities' content='ocr_page ocr_carea ocr_par ocr_line ocrx_word'/>
</head>
<body>
  <div class='ocr_page' id='page_1' title='image "./decivitatediscr00huppgoog_0049.png"; bbox 0 0 3559 5175; ppageno 0'>
   <div class='ocr_carea' id='block_1_1' title="bbox 26 6 108 611">
    <p class='ocr_par' dir='ltr' id='par_1_1' title="bbox 26 6 108 611">
     <span class='ocr_line' id='line_1_1' title="bbox 26 6 108 611; baseline 0 4564"><span class='ocrx_word' id='word_1_1' title='bbox 26 6 108 611; x_wconf 95' lang='lat' dir='ltr'> </span> 
     </span>
    </p>
   </div>
   <div class='ocr_carea' id='block_1_2' title="bbox 1584 335 1667 401">
    <p class='ocr_par' dir='ltr' id='par_1_2' title="bbox 1584 335 1667 401">
     <span class='ocr_line' id='line_1_2' title="bbox 1584 335 1667 401; baseline 0.024 -2"><span class='ocrx_word' id='word_1_2' title='bbox 1584 335 1667 401; x_wconf 86' lang='lat'>47</span> 
     </span>
    </p>
   </div>
   <div class='ocr_carea' id='block_1_3' title="bbox 406 506 2851 716">
    <p class='ocr_par' dir='ltr' id='par_1_3' title="bbox 406 506 2851 716">
     <span class='ocr_line' id='line_1_3' title="bbox 587 506 2850 585; baseline 0.006 -13"><span class='ocrx_word' id='word_1_3' title='bbox 587 506 748 573; x_wconf 85' lang='lat' dir='ltr'><strong>Sunt</strong></span> <span class='ocrx_word' id='word_1_4' title='bbox 815 510 1066 575; x_wconf 83' lang='lat' dir='ltr'><strong>foedera</strong></span> <span class='ocrx_word' id='word_1_5' title='bbox 1137 510 1412 576; x_wconf 85' lang='lat' dir='ltr'>ciuitatis</span> <span class='ocrx_word' id='word_1_6' title='bbox 1485 513 1718 579; x_wconf 87' lang='lat' dir='ltr'>similia</span> <span class='ocrx_word' id='word_1_7' title='bbox 1774 520 1837 580; x_wconf 91' lang='lat' dir='ltr'>et</span> <span class='ocrx_word' id='word_1_8' title='bbox 1896 516 2185 582; x_wconf 88' lang='lat' dir='ltr'>ciuitates</span> <span class='ocrx_word' id='word_1_9' title='bbox 2258 518 2525 585; x_wconf 88' lang='lat' dir='ltr'>foederis</span> <span class='ocrx_word' id='word_1_10' title='bbox 2594 519 2850 585; x_wconf 90' lang='lat' dir='ltr'>similes.</span> 
     </span>
     <span class='ocr_line' id='line_1_4' title="bbox 406 622 2851 716; baseline 0.006 -29"><span class='ocrx_word' id='word_1_11' title='bbox 406 622 576 701; x_wconf 85' lang='lat' dir='ltr'>Quae</span> <span class='ocrx_word' id='word_1_12' title='bbox 639 624 848 689; x_wconf 86' lang='lat' dir='ltr'>omnia</span> <span class='ocrx_word' id='word_1_13' title='bbox 905 646 1135 707; x_wconf 87' lang='lat' dir='ltr'>genera</span> <span class='ocrx_word' id='word_1_14' title='bbox 1191 646 1332 691; x_wconf 90' lang='lat' dir='ltr'>cum</span> <span class='ocrx_word' id='word_1_15' title='bbox 1389 629 1614 693; x_wconf 88' lang='lat' dir='ltr'>ceteris</span> <span class='ocrx_word' id='word_1_16' title='bbox 1676 632 1985 696; x_wconf 87' lang='lat' dir='ltr'>unitatum</span> <span class='ocrx_word' id='word_1_17' title='bbox 2046 633 2457 699; x_wconf 89' lang='lat' dir='ltr'>humanarum</span> <span class='ocrx_word' id='word_1_18' title='bbox 2522 636 2851 716; x_wconf 86' lang='lat' dir='ltr'>generibus</span> 
     </span>
    </p>
   </div>
   <div class='ocr_carea' id='block_1_4' title="bbox 405 739 2851 947">
    <p class='ocr_par' dir='ltr' id='par_1_4' title="bbox 405 739 2851 947">
     <span class='ocr_line' id='line_1_5' title="bbox 405 739 2851 834; baseline 0.006 -32"><span class='ocrx_word' id='word_1_19' title='bbox 405 739 564 803; x_wconf 90' lang='lat' dir='ltr'>hanc</span> <span class='ocrx_word' id='word_1_20' title='bbox 633 742 857 808; x_wconf 90' lang='lat' dir='ltr'>seriem</span> <span class='ocrx_word' id='word_1_21' title='bbox 928 742 1320 824; x_wconf 85' lang='lat' dir='ltr'>undeuiginti</span> <span class='ocrx_word' id='word_1_22' title='bbox 1379 763 1782 811; x_wconf 90' lang='lat' dir='ltr'>numerorum</span> <span class='ocrx_word' id='word_1_23' title='bbox 1842 750 2231 834; x_wconf 84' lang='lat' dir='ltr'>producunt,</span> <span class='ocrx_word' id='word_1_24' title='bbox 2299 751 2365 815; x_wconf 90' lang='lat' dir='ltr'>in</span> <span class='ocrx_word' id='word_1_25' title='bbox 2436 770 2558 834; x_wconf 89' lang='lat' dir='ltr'>qua</span> <span class='ocrx_word' id='word_1_26' title='bbox 2627 753 2851 817; x_wconf 87' lang='lat' dir='ltr'>ciuitas</span> 
     </span>
     <span class='ocr_line' id='line_1_6' title="bbox 407 841 1903 947; baseline 0.007 -27"><span class='ocrx_word' id='word_1_27' title='bbox 407 841 681 921; x_wconf 86' lang='lat' dir='ltr'>discreta</span> <span class='ocrx_word' id='word_1_28' title='bbox 728 862 1022 943; x_wconf 82' lang='lat' dir='ltr'>punctum</span> <span class='ocrx_word' id='word_1_29' title='bbox 1073 856 1528 923; x_wconf 87' lang='lat' dir='ltr'>indifferentiae</span> <span class='ocrx_word' id='word_1_30' title='bbox 1577 864 1903 947; x_wconf 85' lang='lat' dir='ltr'>significat.</span> 
     </span>
    </p>
   </div>
   <div class='ocr_carea' id='block_1_5' title="bbox 405 972 2855 1525">
    <p class='ocr_par' dir='ltr' id='par_1_5' title="bbox 405 972 2855 1291">
     <span class='ocr_line' id='line_1_7' title="bbox 584 972 2855 1060; baseline 0.001 -22"><span class='ocrx_word' id='word_1_31' title='bbox 584 972 844 1039; x_wconf 84' lang='lat' dir='ltr'>Generis</span> <span class='ocrx_word' id='word_1_32' title='bbox 915 976 954 1039; x_wconf 84' lang='lat'>5</span> <span class='ocrx_word' id='word_1_33' title='bbox 1017 974 1371 1060; x_wconf 90' lang='lat' dir='ltr'>exemplum</span> <span class='ocrx_word' id='word_1_34' title='bbox 1434 974 1869 1040; x_wconf 90' lang='lat' dir='ltr'>Heluetiorum</span> <span class='ocrx_word' id='word_1_35' title='bbox 1929 973 2149 1038; x_wconf 86' lang='lat' dir='ltr'>foedus</span> <span class='ocrx_word' id='word_1_36' title='bbox 2224 993 2361 1038; x_wconf 89' lang='lat' dir='ltr'>cum</span> <span class='ocrx_word' id='word_1_37' title='bbox 2422 975 2646 1040; x_wconf 88' lang='lat' dir='ltr'>uicinis</span> <span class='ocrx_word' id='word_1_38' title='bbox 2708 973 2855 1057; x_wconf 91' lang='lat' dir='ltr'>(zu-</span> 
     </span>
     <span class='ocr_line' id='line_1_8' title="bbox 405 1088 2855 1176; baseline 0.001 -23"><span class='ocrx_word' id='word_1_39' title='bbox 405 1089 730 1171; x_wconf 86' lang='lat' dir='ltr'>gewandte</span> <span class='ocrx_word' id='word_1_40' title='bbox 779 1088 990 1173; x_wconf 65' lang='lat' dir='ltr'>orte),</span> <span class='ocrx_word' id='word_1_41' title='bbox 1051 1093 1088 1155; x_wconf 88' lang='lat'>6</span> <span class='ocrx_word' id='word_1_42' title='bbox 1137 1088 1568 1156; x_wconf 89' lang='lat' dir='ltr'>Heluetiorum</span> <span class='ocrx_word' id='word_1_43' title='bbox 1630 1091 1909 1176; x_wconf 89' lang='lat' dir='ltr'>ipsorum</span> <span class='ocrx_word' id='word_1_44' title='bbox 1960 1090 2304 1154; x_wconf 84' lang='lat' dir='ltr'>coniuratio</span> <span class='ocrx_word' id='word_1_45' title='bbox 2362 1097 2505 1155; x_wconf 89' lang='lat' dir='ltr'>ante</span> <span class='ocrx_word' id='word_1_46' title='bbox 2552 1111 2608 1155; x_wconf 90' lang='lat' dir='ltr'>a.</span> <span class='ocrx_word' id='word_1_47' title='bbox 2662 1092 2855 1175; x_wconf 83' lang='lat'>1798,</span> 
     </span>
     <span class='ocr_line' id='line_1_9' title="bbox 413 1204 2854 1291; baseline 0.001 -22"><span class='ocrx_word' id='word_1_48' title='bbox 413 1208 446 1269; x_wconf 85' lang='lat'><strong>7</strong></span> <span class='ocrx_word' id='word_1_49' title='bbox 496 1206 874 1271; x_wconf 88' lang='lat' dir='ltr'>Batauorum</span> <span class='ocrx_word' id='word_1_50' title='bbox 927 1212 1070 1272; x_wconf 85' lang='lat' dir='ltr'>ante</span> <span class='ocrx_word' id='word_1_51' title='bbox 1119 1228 1173 1272; x_wconf 86' lang='lat' dir='ltr'>a.</span> <span class='ocrx_word' id='word_1_52' title='bbox 1226 1209 1419 1291; x_wconf 81' lang='lat'>1795,</span> <span class='ocrx_word' id='word_1_53' title='bbox 1467 1208 1506 1272; x_wconf 85' lang='grc'>8</span> <span class='ocrx_word' id='word_1_54' title='bbox 1555 1204 2011 1271; x_wconf 88' lang='lat' dir='ltr'>Germanorum</span> <span class='ocrx_word' id='word_1_55' title='bbox 2064 1212 2207 1272; x_wconf 90' lang='lat' dir='ltr'>ante</span> <span class='ocrx_word' id='word_1_56' title='bbox 2256 1226 2312 1271; x_wconf 87' lang='lat' dir='ltr'>a.</span> <span class='ocrx_word' id='word_1_57' title='bbox 2370 1207 2535 1273; x_wconf 86' lang='grc'>1866</span> <span class='ocrx_word' id='word_1_58' title='bbox 2582 1207 2854 1272; x_wconf 84' lang='lat' dir='ltr'>foedera.</span> 
     </span>
    </p>

    <p class='ocr_par' dir='ltr' id='par_1_6' title="bbox 411 1320 2853 1525">
     <span class='ocr_line' id='line_1_10' title="bbox 585 1320 2852 1405; baseline 0.001 -19"><span class='ocrx_word' id='word_1_59' title='bbox 585 1321 838 1387; x_wconf 91' lang='lat' dir='ltr'>Iterum·</span> <span class='ocrx_word' id='word_1_60' title='bbox 901 1324 981 1387; x_wconf 79' lang='lat'>15</span> <span class='ocrx_word' id='word_1_61' title='bbox 1052 1324 1299 1405; x_wconf 89' lang='lat' dir='ltr'>generis</span> <span class='ocrx_word' id='word_1_62' title='bbox 1375 1323 1709 1389; x_wconf 78' lang='lat' dir='ltr'>hodiernae</span> <span class='ocrx_word' id='word_1_63' title='bbox 1787 1320 2057 1387; x_wconf 84' lang='lat' dir='ltr'>Galliam</span> <span class='ocrx_word' id='word_1_64' title='bbox 2125 1320 2392 1387; x_wconf 91' lang='lat' dir='ltr'>Daniam</span> <span class='ocrx_word' id='word_1_65' title='bbox 2464 1322 2852 1389; x_wconf 81' lang='lat' dir='ltr'>Lusitaniam</span> 
     </span>
     <span class='ocr_line' id='line_1_11' title="bbox 411 1436 2853 1525; baseline 0 -22"><span class='ocrx_word' id='word_1_66' title='bbox 411 1440 492 1503; x_wconf 90' lang='grc'>14</span> <span class='ocrx_word' id='word_1_67' title='bbox 539 1436 784 1504; x_wconf 87' lang='lat' dir='ltr'>Italiam</span> <span class='ocrx_word' id='word_1_68' title='bbox 847 1439 1219 1525; x_wconf 84' lang='lat' dir='ltr'>Hispaniam</span> <span class='ocrx_word' id='word_1_69' title='bbox 1288 1443 1365 1505; x_wconf 87' lang='lat'>13</span> <span class='ocrx_word' id='word_1_70' title='bbox 1414 1438 1736 1505; x_wconf 90' lang='lat' dir='ltr'>Prussiam</span> <span class='ocrx_word' id='word_1_71' title='bbox 1792 1438 2079 1504; x_wconf 88' lang='lat' dir='ltr'>Russiam</span> <span class='ocrx_word' id='word_1_72' title='bbox 2147 1442 2225 1503; x_wconf 82' lang='lat'>12</span> <span class='ocrx_word' id='word_1_73' title='bbox 2272 1438 2661 1504; x_wconf 81' lang='lat' dir='ltr'>Britanniam</span> <span class='ocrx_word' id='word_1_74' title='bbox 2710 1439 2853 1505; x_wconf 91' lang='lat' dir='ltr'>Bel-</span> 
     </span>
    </p>
   </div>
   <div class='ocr_carea' id='block_1_6' title="bbox 407 1554 2854 1644">
    <p class='ocr_par' dir='ltr' id='par_1_7' title="bbox 407 1554 2854 1644">
     <span class='ocr_line' id='line_1_12' title="bbox 407 1554 2854 1644; baseline 0.001 -25"><span class='ocrx_word' id='word_1_75' title='bbox 407 1556 577 1636; x_wconf 86' lang='lat' dir='ltr'>gium</span> <span class='ocrx_word' id='word_1_76' title='bbox 635 1555 964 1622; x_wconf 89' lang='lat' dir='ltr'>Batauiam</span> <span class='ocrx_word' id='word_1_77' title='bbox 1041 1559 1116 1621; x_wconf 84' lang='lat'>11</span> <span class='ocrx_word' id='word_1_78' title='bbox 1169 1555 1853 1638; x_wconf 88' lang='lat' dir='ltr'>Austro-Hungariam</span> <span class='ocrx_word' id='word_1_79' title='bbox 1927 1556 2009 1621; x_wconf 89' lang='lat'>10</span> <span class='ocrx_word' id='word_1_80' title='bbox 2056 1554 2685 1639; x_wconf 86' lang='lat' dir='ltr'>Sueco-Noruegiam</span> <span class='ocrx_word' id='word_1_81' title='bbox 2754 1576 2854 1644; x_wconf 87' lang='lat' dir='ltr'>re-</span> 
     </span>
    </p>
   </div>
   <div class='ocr_carea' id='block_1_7' title="bbox 317 1671 635 1757">
    <p class='ocr_par' dir='ltr' id='par_1_8' title="bbox 317 1671 635 1757">
     <span class='ocr_line' id='line_1_13' title="bbox 317 1671 635 1757; baseline 0 -21"><span class='ocrx_word' id='word_1_82' title='bbox 317 1746 323 1751; x_wconf 45' lang='lat'><em>,</em></span> <span class='ocrx_word' id='word_1_83' title='bbox 407 1671 635 1757; x_wconf 77' lang='lat' dir='ltr'>peries,</span> 
     </span>
    </p>
   </div>
   <div class='ocr_carea' id='block_1_8' title="bbox 406 1788 2853 2108">
    <p class='ocr_par' dir='ltr' id='par_1_9' title="bbox 406 1788 2853 2108">
     <span class='ocr_line' id='line_1_14' title="bbox 585 1788 2853 1873; baseline 0 -20"><span class='ocrx_word' id='word_1_84' title='bbox 585 1788 669 1853; x_wconf 90' lang='lat' dir='ltr'>Et</span> <span class='ocrx_word' id='word_1_85' title='bbox 723 1790 853 1854; x_wconf 89' lang='lat' dir='ltr'>fere</span> <span class='ocrx_word' id='word_1_86' title='bbox 914 1809 1128 1855; x_wconf 87' lang='lat' dir='ltr'>omnes</span> <span class='ocrx_word' id='word_1_87' title='bbox 1188 1789 1447 1855; x_wconf 89' lang='lat' dir='ltr'>uniones</span> <span class='ocrx_word' id='word_1_88' title='bbox 1503 1788 1702 1855; x_wconf 87' lang='lat' dir='ltr'>reales</span> <span class='ocrx_word' id='word_1_89' title='bbox 1761 1790 2080 1855; x_wconf 86' lang='lat' dir='ltr'>ciuitatem</span> <span class='ocrx_word' id='word_1_90' title='bbox 2142 1788 2539 1873; x_wconf 81' lang='lat' dir='ltr'>solutiorem‚</span> <span class='ocrx_word' id='word_1_91' title='bbox 2595 1790 2853 1853; x_wconf 87' lang='lat' dir='ltr'>uniones</span> 
     </span>
     <span class='ocr_line' id='line_1_15' title="bbox 406 1886 2850 1989; baseline 0.001 -21"><span class='ocrx_word' id='word_1_92' title='bbox 406 1897 767 1989; x_wconf 82' lang='lat' dir='ltr'>personales</span> <span class='ocrx_word' id='word_1_93' title='bbox 815 1886 1262 1971; x_wconf 70' lang='lat' dir='ltr'>solutissimum</span> <span class='ocrx_word' id='word_1_94' title='bbox 1311 1904 1617 1986; x_wconf 85' lang='lat' dir='ltr'>efficiunt3</span> <span class='ocrx_word' id='word_1_95' title='bbox 1664 1904 1916 1972; x_wconf 89' lang='lat' dir='ltr'>foedera</span> <span class='ocrx_word' id='word_1_96' title='bbox 1963 1926 2087 1970; x_wconf 90' lang='lat' dir='ltr'>non</span> <span class='ocrx_word' id='word_1_97' title='bbox 2138 1911 2315 1989; x_wconf 80' lang='lat' dir='ltr'>sunt,</span> <span class='ocrx_word' id='word_1_98' title='bbox 2364 1906 2509 1989; x_wconf 89' lang='lat' dir='ltr'>quia</span> <span class='ocrx_word' id='word_1_99' title='bbox 2555 1906 2850 1971; x_wconf 88' lang='lat' dir='ltr'>maiestas</span> 
     </span>
     <span class='ocr_line' id='line_1_16' title="bbox 407 2021 2848 2108; baseline 0.001 -24"><span class='ocrx_word' id='word_1_100' title='bbox 407 2021 608 2093; x_wconf 86' lang='lat' dir='ltr'>iniis</span> <span class='ocrx_word' id='word_1_101' title='bbox 667 2026 762 2097; x_wconf 87' lang='lat' dir='ltr'>est</span> <span class='ocrx_word' id='word_1_102' title='bbox 819 2022 1084 2108; x_wconf 88' lang='lat' dir='ltr'>simplex</span> <span class='ocrx_word' id='word_1_103' title='bbox 1133 2023 1420 2106; x_wconf 86' lang='lat' dir='ltr'>quamuis</span> <span class='ocrx_word' id='word_1_104' title='bbox 1478 2022 1767 2108; x_wconf 89' lang='lat' dir='ltr'>bicipiter</span> <span class='ocrx_word' id='word_1_105' title='bbox 1825 2022 1926 2087; x_wconf 91' lang='lat' dir='ltr'>uel</span> <span class='ocrx_word' id='word_1_106' title='bbox 1984 2021 2418 2107; x_wconf 85' lang='lat' dir='ltr'>multipliciter</span> <span class='ocrx_word' id='word_1_107' title='bbox 2464 2029 2848 2087; x_wconf 81' lang='lat' dir='ltr'>exerceatur.</span> 
     </span>
    </p>
   </div>
   <div class='ocr_carea' id='block_1_9' title="bbox 381 2128 2853 2224">
    <p class='ocr_par' dir='ltr' id='par_1_10' title="bbox 381 2128 2853 2224">
     <span class='ocr_line' id='line_1_17' title="bbox 381 2128 2853 2224; baseline 0.001 -23"><span class='ocrx_word' id='word_1_108' title='bbox 381 2133 614 2221; x_wconf 78' lang='lat' dir='ltr'>&#39;Atque</span> <span class='ocrx_word' id='word_1_109' title='bbox 662 2158 1037 2223; x_wconf 86' lang='lat' dir='ltr'>quamquam</span> <span class='ocrx_word' id='word_1_110' title='bbox 1086 2139 1233 2203; x_wconf 90' lang='lat' dir='ltr'>unio</span> <span class='ocrx_word' id='word_1_111' title='bbox 1282 2138 1631 2224; x_wconf 88' lang='lat' dir='ltr'>personalis</span> <span class='ocrx_word' id='word_1_112' title='bbox 1682 2139 1951 2206; x_wconf 91' lang='lat' dir='ltr'>foederis</span> <span class='ocrx_word' id='word_1_113' title='bbox 2000 2128 2094 2204; x_wconf 83' lang='lat' dir='ltr'>est</span> <span class='ocrx_word' id='word_1_114' title='bbox 2137 2138 2479 2222; x_wconf 83' lang='lat' dir='ltr'>simillima,</span> <span class='ocrx_word' id='word_1_115' title='bbox 2526 2138 2853 2204; x_wconf 86' lang='lat' dir='ltr'>confoede-</span> 
     </span>
    </p>
   </div>
   <div class='ocr_carea' id='block_1_10' title="bbox 405 2253 2853 2338">
    <p class='ocr_par' dir='ltr' id='par_1_11' title="bbox 405 2253 2853 2338">
     <span class='ocr_line' id='line_1_18' title="bbox 405 2253 2853 2338; baseline 0.001 -20"><span class='ocrx_word' id='word_1_116' title='bbox 405 2255 567 2333; x_wconf 89' lang='lat' dir='ltr'>ratio</span> <span class='ocrx_word' id='word_1_117' title='bbox 616 2254 890 2319; x_wconf 89' lang='lat' dir='ltr'>ciuitatis</span> <span class='ocrx_word' id='word_1_118' title='bbox 937 2255 1258 2320; x_wconf 90' lang='lat' dir='ltr'>simillima</span> <span class='ocrx_word' id='word_1_119' title='bbox 1304 2262 1511 2321; x_wconf 88' lang='lat' dir='ltr'>tamen</span> <span class='ocrx_word' id='word_1_120' title='bbox 1563 2256 1714 2338; x_wconf 90' lang='lat' dir='ltr'>quin</span> <span class='ocrx_word' id='word_1_121' title='bbox 1769 2254 1872 2321; x_wconf 94' lang='lat' dir='ltr'>hic</span> <span class='ocrx_word' id='word_1_122' title='bbox 1917 2255 2187 2321; x_wconf 85' lang='lat' dir='ltr'>foederis</span> <span class='ocrx_word' id='word_1_123' title='bbox 2236 2254 2365 2321; x_wconf 89' lang='lat' dir='ltr'>illic</span> <span class='ocrx_word' id='word_1_124' title='bbox 2410 2254 2683 2321; x_wconf 90' lang='lat' dir='ltr'>ciuitatis</span> <span class='ocrx_word' id='word_1_125' title='bbox 2730 2253 2853 2320; x_wconf 87' lang='lat' dir='ltr'>ele-</span> 
     </span>
    </p>
   </div>
   <div class='ocr_carea' id='block_1_11' title="bbox 299 2370 1946 2457">
    <p class='ocr_par' dir='ltr' id='par_1_12' title="bbox 299 2370 1946 2457">
     <span class='ocr_line' id='line_1_19' title="bbox 299 2370 1946 2457; baseline 0.002 -24"><span class='ocrx_word' id='word_1_126' title='bbox 299 2422 306 2443; x_wconf 88' lang='grc'>,</span> <span class='ocrx_word' id='word_1_127' title='bbox 407 2377 621 2434; x_wconf 88' lang='lat' dir='ltr'>menta</span> <span class='ocrx_word' id='word_1_128' title='bbox 668 2370 1073 2455; x_wconf 86' lang='lat' dir='ltr'>praeualeant</span> <span class='ocrx_word' id='word_1_129' title='bbox 1119 2372 1392 2438; x_wconf 86' lang='lat' dir='ltr'>dubitari</span> <span class='ocrx_word' id='word_1_130' title='bbox 1442 2391 1564 2436; x_wconf 93' lang='lat' dir='ltr'>non</span> <span class='ocrx_word' id='word_1_131' title='bbox 1615 2377 1843 2457; x_wconf 88' lang='lat' dir='ltr'>potest.</span> <span class='ocrx_word' id='word_1_132' title='bbox 1937 2393 1946 2415; x_wconf 66' lang='lat'><em>⁴</em></span> 
     </span>
    </p>
   </div>
   <div class='ocr_carea' id='block_1_12' title="bbox 407 2480 2919 3515">
    <p class='ocr_par' dir='ltr' id='par_1_13' title="bbox 407 2480 2919 3040">
     <span class='ocr_line' id='line_1_20' title="bbox 588 2480 2852 2574; baseline 0 -23"><span class='ocrx_word' id='word_1_133' title='bbox 588 2485 710 2552; x_wconf 87' lang='lat' dir='ltr'>Sed</span> <span class='ocrx_word' id='word_1_134' title='bbox 759 2488 847 2552; x_wconf 89' lang='lat' dir='ltr'>sic</span> <span class='ocrx_word' id='word_1_135' title='bbox 891 2488 1162 2552; x_wconf 92' lang='lat' dir='ltr'>inuicem</span> <span class='ocrx_word' id='word_1_136' title='bbox 1210 2488 1471 2574; x_wconf 90' lang='lat' dir='ltr'>propius</span> <span class='ocrx_word' id='word_1_137' title='bbox 1517 2508 1888 2573; x_wconf 84' lang='lat' dir='ltr'>progressae</span> <span class='ocrx_word' id='word_1_138' title='bbox 1935 2488 2151 2553; x_wconf 88' lang='lat' dir='ltr'>foedus</span> <span class='ocrx_word' id='word_1_139' title='bbox 2200 2494 2261 2553; x_wconf 87' lang='lat' dir='ltr'>et</span> <span class='ocrx_word' id='word_1_140' title='bbox 2291 2488 2513 2552; x_wconf 87' lang='lat' dir='ltr'>ciuitas</span> <span class='ocrx_word' id='word_1_141' title='bbox 2547 2492 2617 2552; x_wconf 92' lang='lat' dir='ltr'>ut</span> <span class='ocrx_word' id='word_1_142' title='bbox 2648 2480 2852 2553; x_wconf 85' lang='lat' dir='ltr'>scalae</span> 
     </span>
     <span class='ocr_line' id='line_1_21' title="bbox 407 2587 2848 2690; baseline 0 -22"><span class='ocrx_word' id='word_1_143' title='bbox 407 2603 579 2668; x_wconf 90' lang='lat' dir='ltr'>locus</span> <span class='ocrx_word' id='word_1_144' title='bbox 625 2606 689 2668; x_wconf 93' lang='lat' dir='ltr'>in</span> <span class='ocrx_word' id='word_1_145' title='bbox 739 2625 859 2689; x_wconf 92' lang='lat' dir='ltr'>quo</span> <span class='ocrx_word' id='word_1_146' title='bbox 909 2606 1115 2670; x_wconf 89' lang='lat' dir='ltr'>unitas</span> <span class='ocrx_word' id='word_1_147' title='bbox 1163 2587 1517 2690; x_wconf 72' lang='lat' dir='ltr'>respectiua</span> <span class='ocrx_word' id='word_1_148' title='bbox 1563 2625 1642 2670; x_wconf 89' lang='lat' dir='ltr'>an</span> <span class='ocrx_word' id='word_1_149' title='bbox 1689 2606 1908 2671; x_wconf 88' lang='lat' dir='ltr'>foedus</span> <span class='ocrx_word' id='word_1_150' title='bbox 1959 2626 2038 2670; x_wconf 84' lang='lat' dir='ltr'>an</span> <span class='ocrx_word' id='word_1_151' title='bbox 2071 2604 2293 2671; x_wconf 80' lang='lat' dir='ltr'>ciuitas</span> <span class='ocrx_word' id='word_1_152' title='bbox 2324 2605 2407 2670; x_wconf 91' lang='lat' dir='ltr'>sit</span> <span class='ocrx_word' id='word_1_153' title='bbox 2442 2604 2848 2670; x_wconf 89' lang='lat' dir='ltr'>dubitandum</span> 
     </span>
     <span class='ocr_line' id='line_1_22' title="bbox 409 2720 2851 2804; baseline 0 -19"><span class='ocrx_word' id='word_1_154' title='bbox 409 2722 674 2786; x_wconf 85' lang='lat' dir='ltr'>exsistat</span> <span class='ocrx_word' id='word_1_155' title='bbox 719 2741 970 2787; x_wconf 87' lang='lat' dir='ltr'>necesse</span> <span class='ocrx_word' id='word_1_156' title='bbox 1019 2722 1119 2787; x_wconf 88' lang='lat' dir='ltr'>sit.</span> <span class='ocrx_word' id='word_1_157' title='bbox 1192 2721 1308 2800; x_wconf 84' lang='lat' dir='ltr'>Qui</span> <span class='ocrx_word' id='word_1_158' title='bbox 1339 2720 1589 2804; x_wconf 77' lang='lat' dir='ltr'>&#39;gradus</span> <span class='ocrx_word' id='word_1_159' title='bbox 1640 2721 1879 2787; x_wconf 90' lang='lat' dir='ltr'>scilicet</span> <span class='ocrx_word' id='word_1_160' title='bbox 1924 2721 2227 2800; x_wconf 89' lang='lat' dir='ltr'>transitus</span> <span class='ocrx_word' id='word_1_161' title='bbox 2272 2720 2541 2787; x_wconf 91' lang='lat' dir='ltr'>foederis</span> <span class='ocrx_word' id='word_1_162' title='bbox 2587 2721 2651 2786; x_wconf 92' lang='lat' dir='ltr'>in</span> <span class='ocrx_word' id='word_1_163' title='bbox 2695 2722 2851 2787; x_wconf 89' lang='lat' dir='ltr'>ciui-</span> 
     </span>
     <span class='ocr_line' id='line_1_23' title="bbox 407 2839 2919 2923; baseline 0.001 -22"><span class='ocrx_word' id='word_1_164' title='bbox 407 2843 601 2902; x_wconf 86' lang='lat' dir='ltr'>tatem</span> <span class='ocrx_word' id='word_1_165' title='bbox 651 2845 713 2902; x_wconf 91' lang='lat' dir='ltr'>et</span> <span class='ocrx_word' id='word_1_166' title='bbox 758 2839 894 2904; x_wconf 90' lang='lat' dir='ltr'>uice</span> <span class='ocrx_word' id='word_1_167' title='bbox 942 2857 1126 2904; x_wconf 90' lang='lat' dir='ltr'>uersa</span> <span class='ocrx_word' id='word_1_168' title='bbox 1173 2858 1287 2923; x_wconf 89' lang='lat' dir='ltr'>per</span> <span class='ocrx_word' id='word_1_169' title='bbox 1332 2839 1652 2905; x_wconf 88' lang='lat' dir='ltr'>ciuitatem</span> <span class='ocrx_word' id='word_1_170' title='bbox 1702 2839 2037 2904; x_wconf 87' lang='lat' dir='ltr'>discretam</span> <span class='ocrx_word' id='word_1_171' title='bbox 2076 2839 2284 2922; x_wconf 86' lang='lat' dir='ltr'>datur,</span> <span class='ocrx_word' id='word_1_172' title='bbox 2331 2858 2488 2922; x_wconf 88' lang='lat' dir='ltr'>quae</span> <span class='ocrx_word' id='word_1_173' title='bbox 2537 2858 2615 2903; x_wconf 88' lang='lat' dir='ltr'>an</span> <span class='ocrx_word' id='word_1_174' title='bbox 2648 2839 2850 2920; x_wconf 88' lang='lat' dir='ltr'>magis</span> <span class='ocrx_word' id='word_1_175' title='bbox 2911 2856 2919 2864; x_wconf 90' lang='lat'>·</span> 
     </span>
     <span class='ocr_line' id='line_1_24' title="bbox 410 2954 1765 3040; baseline 0.001 -22"><span class='ocrx_word' id='word_1_176' title='bbox 410 2954 492 3018; x_wconf 87' lang='lat' dir='ltr'>sit</span> <span class='ocrx_word' id='word_1_177' title='bbox 538 2954 760 3019; x_wconf 88' lang='lat' dir='ltr'>ciuitas</span> <span class='ocrx_word' id='word_1_178' title='bbox 809 2975 887 3019; x_wconf 88' lang='lat' dir='ltr'>an</span> <span class='ocrx_word' id='word_1_179' title='bbox 931 2955 1150 3020; x_wconf 88' lang='lat' dir='ltr'>foedus</span> <span class='ocrx_word' id='word_1_180' title='bbox 1199 2955 1320 3019; x_wconf 90' lang='lat' dir='ltr'>dici</span> <span class='ocrx_word' id='word_1_181' title='bbox 1369 2975 1492 3020; x_wconf 93' lang='lat' dir='ltr'>non</span> <span class='ocrx_word' id='word_1_182' title='bbox 1538 2960 1765 3040; x_wconf 91' lang='lat' dir='ltr'>potest.</span> 
     </span>
    </p>

    <p class='ocr_par' dir='ltr' id='par_1_14' title="bbox 408 3069 2849 3515">
     <span class='ocr_line' id='line_1_25' title="bbox 587 3069 2849 3156; baseline 0 -22"><span class='ocrx_word' id='word_1_183' title='bbox 587 3069 745 3134; x_wconf 92' lang='lat' dir='ltr'>Nam</span> <span class='ocrx_word' id='word_1_184' title='bbox 797 3071 912 3135; x_wconf 87' lang='lat' dir='ltr'>etsi</span> <span class='ocrx_word' id='word_1_185' title='bbox 958 3071 1022 3135; x_wconf 92' lang='lat' dir='ltr'>in</span> <span class='ocrx_word' id='word_1_186' title='bbox 1069 3091 1296 3153; x_wconf 89' lang='lat' dir='ltr'>genere</span> <span class='ocrx_word' id='word_1_187' title='bbox 1343 3072 1382 3135; x_wconf 87' lang='lat'>9</span> <span class='ocrx_word' id='word_1_188' title='bbox 1432 3071 1670 3156; x_wconf 90' lang='lat' dir='ltr'>species</span> <span class='ocrx_word' id='word_1_189' title='bbox 1719 3071 2027 3136; x_wconf 84' lang='lat' dir='ltr'>discernis</span> <span class='ocrx_word' id='word_1_190' title='bbox 2070 3077 2221 3154; x_wconf 82' lang='lat' dir='ltr'>treS‚</span> <span class='ocrx_word' id='word_1_191' title='bbox 2270 3078 2332 3136; x_wconf 92' lang='lat' dir='ltr'>et</span> <span class='ocrx_word' id='word_1_192' title='bbox 2377 3071 2441 3135; x_wconf 90' lang='lat' dir='ltr'>in</span> <span class='ocrx_word' id='word_1_193' title='bbox 2486 3071 2693 3156; x_wconf 87' lang='lat' dir='ltr'>specie</span> <span class='ocrx_word' id='word_1_194' title='bbox 2739 3073 2779 3136; x_wconf 87' lang='lat'>9</span> <span class='ocrx_word' id='word_1_195' title='bbox 2806 3098 2849 3135; x_wconf 86' lang='grc' dir='ltr'>α</span> 
     </span>
     <span class='ocr_line' id='line_1_26' title="bbox 411 3187 2848 3272; baseline 0 -20"><span class='ocrx_word' id='word_1_196' title='bbox 411 3193 474 3252; x_wconf 88' lang='lat' dir='ltr'>et</span> <span class='ocrx_word' id='word_1_197' title='bbox 519 3187 581 3251; x_wconf 92' lang='lat' dir='ltr'>in</span> <span class='ocrx_word' id='word_1_198' title='bbox 631 3187 836 3272; x_wconf 90' lang='lat' dir='ltr'>specie</span> <span class='ocrx_word' id='word_1_199' title='bbox 883 3188 983 3267; x_wconf 83' lang='grc' dir='ltr'>9γ</span> <span class='ocrx_word' id='word_1_200' title='bbox 1031 3188 1294 3252; x_wconf 89' lang='lat' dir='ltr'>duarum</span> <span class='ocrx_word' id='word_1_201' title='bbox 1343 3189 1664 3254; x_wconf 89' lang='lat' dir='ltr'>notionum</span> <span class='ocrx_word' id='word_1_202' title='bbox 1714 3208 1941 3272; x_wconf 90' lang='lat' dir='ltr'>nempe</span> <span class='ocrx_word' id='word_1_203' title='bbox 1987 3187 2255 3253; x_wconf 86' lang='lat' dir='ltr'>foederis</span> <span class='ocrx_word' id='word_1_204' title='bbox 2304 3194 2363 3252; x_wconf 88' lang='lat' dir='ltr'>et</span> <span class='ocrx_word' id='word_1_205' title='bbox 2410 3187 2684 3253; x_wconf 87' lang='lat' dir='ltr'>ciuitatis</span> <span class='ocrx_word' id='word_1_206' title='bbox 2725 3187 2848 3253; x_wconf 92' lang='lat' dir='ltr'>ele-</span> 
     </span>
     <span class='ocr_line' id='line_1_27' title="bbox 413 3303 2849 3389; baseline 0.001 -23"><span class='ocrx_word' id='word_1_207' title='bbox 413 3309 624 3368; x_wconf 90' lang='lat' dir='ltr'>menta</span> <span class='ocrx_word' id='word_1_208' title='bbox 670 3310 910 3368; x_wconf 90' lang='lat' dir='ltr'>certare</span> <span class='ocrx_word' id='word_1_209' title='bbox 956 3305 1044 3369; x_wconf 91' lang='lat' dir='ltr'>ita</span> <span class='ocrx_word' id='word_1_210' title='bbox 1093 3305 1386 3370; x_wconf 89' lang='lat' dir='ltr'>uidentur</span> <span class='ocrx_word' id='word_1_211' title='bbox 1430 3313 1502 3370; x_wconf 92' lang='lat' dir='ltr'>ut</span> <span class='ocrx_word' id='word_1_212' title='bbox 1548 3303 1812 3388; x_wconf 67' lang='lat' dir='ltr'>utraque</span> <span class='ocrx_word' id='word_1_213' title='bbox 1859 3305 2110 3369; x_wconf 89' lang='lat' dir='ltr'>notione</span> <span class='ocrx_word' id='word_1_214' title='bbox 2158 3303 2524 3388; x_wconf 87' lang='lat' dir='ltr'>aptissimae</span> <span class='ocrx_word' id='word_1_215' title='bbox 2568 3325 2669 3369; x_wconf 88' lang='lat' dir='ltr'>res</span> <span class='ocrx_word' id='word_1_216' title='bbox 2718 3303 2849 3389; x_wconf 92' lang='lat' dir='ltr'>ple-</span> 
     </span>
     <span class='ocr_line' id='line_1_28' title="bbox 408 3420 1943 3515; baseline 0.001 -33"><span class='ocrx_word' id='word_1_217' title='bbox 408 3439 638 3503; x_wconf 89' lang='lat' dir='ltr'>raeque</span> <span class='ocrx_word' id='word_1_218' title='bbox 685 3421 749 3484; x_wconf 93' lang='lat' dir='ltr'>in</span> <span class='ocrx_word' id='word_1_219' title='bbox 797 3420 1059 3504; x_wconf 67' lang='lat' dir='ltr'>utraque</span> <span class='ocrx_word' id='word_1_220' title='bbox 1109 3421 1223 3486; x_wconf 91' lang='lat' dir='ltr'>hac</span> <span class='ocrx_word' id='word_1_221' title='bbox 1269 3421 1475 3506; x_wconf 91' lang='lat' dir='ltr'>specie</span> <span class='ocrx_word' id='word_1_222' title='bbox 1523 3421 1943 3515; x_wconf 85' lang='lat' dir='ltr'>inueniantur.</span> 
     </span>
    </p>
   </div>
  </div>
 </body>
</html>
