3559 5175
1579 355 1659 419 31

394 528 646 597 ratione
712 535 858 595 ante
917 549 1114 598 annos
1177 530 1383 611 1787,
1450 532 1655 612 1845,
1714 531 1885 597 1866
1954 531 2020 595 in
2079 530 2281 597 tribus
2348 531 2534 604 terris
2600 530 2842 615 patriae

398 644 872 711 amantissimus
921 644 1185 728 quisque
1233 650 1465 711 statum
1514 665 1724 711 rerum
1773 645 2165 729 publicarum
2207 645 2575 714 mutandum
2624 645 2843 727 suasit,

396 758 466 823 in
523 760 746 843 quauis
805 771 989 844 porro
1049 759 1590 825 confoederatione
1648 760 1915 853 singulis
1973 760 2261 827 omnibus
2317 759 2677 825 ciuitatibus
2733 779 2842 825 ne-

398 873 674 939 cessitati
723 874 1011 957 quamuis
1057 874 1234 960 dirae
1281 874 1358 941 ab
1405 875 1486 941 iis
1535 874 1634 940 uel
1681 875 1758 939 ab
1818 895 2033 941 earum
2090 881 2269 965 parte
2325 874 2686 960 deploratae
2741 894 2843 941 ce·

398 986 691 1055 dentibus
737 989 1030 1074 deinceps
1077 1009 1280 1071 nouae
1325 990 1755 1056 constitutioni
1805 990 2222 1057 annuentibus
2276 991 2568 1057 meritum
2616 989 2839 1055 uolun-

397 1103 599 1169 tariae
653 1104 1096 1186 resignationis
1165 1104 1244 1170 de
1303 1105 1670 1188 quibusdam
1732 1106 2084 1173 maiestatis
2138 1104 2381 1173 iuribus
2435 1106 2502 1170 in
2564 1106 2842 1172 fauorem

398 1220 748 1287 communis
805 1221 1134 1304 potestatis
1194 1225 1477 1287 recenter
1531 1227 1780 1287 creatae
1836 1222 2249 1294 addicendum
2310 1227 2421 1287 est.
2514 1220 2841 1289 Densioris

399 1339 464 1399 et
505 1332 748 1401 firmius
806 1335 870 1398 in
891 1354 987 1428 xse
1033 1340 1361 1401 contentae
1416 1335 1611 1417 igitur
1667 1342 2053 1419 structurae,
2111 1356 2271 1420 quae
2325 1355 2491 1401 nunc
2548 1340 2645 1401 est
2688 1335 2845 1401 iuris

399 1447 632 1532 publici
687 1450 755 1513 in
814 1449 1140 1515 Atlantide
1183 1448 1478 1515 Heluetia
1531 1449 1901 1534 Germania,
1959 1452 2147 1537 plane
2204 1451 2429 1517 similis
2486 1451 2659 1532 origo
2717 1470 2842 1515 non

401 1570 497 1629 est
541 1564 846 1646 neganda.
926 1563 1172 1631 Similia
1219 1584 1368 1630 uero
1416 1572 1480 1631 et
1524 1585 1683 1651 quae
1728 1566 2169 1632 nouationibus
2214 1566 2314 1631 his
2354 1566 2842 1649 congruentibus

399 1678 636 1747 effecta.
1746 1761 1752 1766 ‚

577 1795 616 1877 ἓ
662 1797 766 1861 26.
843 1794 940 1860 Ac
995 1796 1268 1880 primum
1326 1796 1576 1879 quidem
1639 1816 1789 1878 erga
1851 1797 2220 1882 peregrinos
2277 1816 2355 1863 ex
2412 1815 2539 1861 una
2595 1801 2841 1862 tantum

400 1909 564 1977 mole
623 1911 690 1976 in
739 1930 806 1977 se
866 1911 1044 1976 unita
1098 1911 1412 1995 quaelibet
1469 1910 1622 1977 haec
1679 1910 2037 1996 respublica
2082 1916 2346 1976 constat.
2438 1910 2657 1995 Itaque
2713 1910 2837 1975 iam

401 2044 526 2091 non
571 2026 737 2091 inter
783 2027 882 2091 ius
913 2027 1194 2109 gentium
1229 2026 1391 2092 sicut
1420 2026 2031 2092 confoederationum
2079 2026 2357 2111 priorum
2392 2026 2843 2110 descriptiones

402 2142 512 2207 sed
569 2141 754 2226 plane
822 2142 887 2207 in
954 2141 1162 2206 medio
1216 2142 1384 2208 inter
1439 2142 1538 2207 ius
1596 2142 1877 2223 gentium
1936 2147 1999 2207 et
2054 2142 2153 2207 ius
2211 2139 2525 2225 publicum
2587 2140 2842 2227 proprie

401 2256 638 2323 dictum
709 2257 1052 2343 ponendae·
1101 2262 1249 2322 sunt
1327 2256 1404 2321 de
1473 2255 1791 2322 hodiernis
1860 2256 2081 2321 horum
2149 2255 2523 2341 populorum
2597 2255 2841 2337 legibus

400 2373 824 2440 tractationes.
917 2371 1054 2448 Qua
1099 2372 1176 2437 de
1220 2392 1289 2437 re
1334 2372 1400 2437 in
1447 2370 1822 2454 Germania,
1871 2390 2031 2457 quae
2077 2376 2405 2456 postquam
2456 2390 2618 2435 anno
2675 2371 2841 2437 1816

403 2487 480 2553 ab
524 2488 760 2555 Austro
817 2488 1106 2573 praeside
1164 2488 1270 2573 qui
1327 2488 1392 2553 in
1451 2493 1826 2554 conuentum
1873 2486 2459 2556 Francosurtensem
2508 2487 2590 2559 ,ab
2634 2486 2841 2571 Impe-

402 2609 610 2671 ratore
657 2624 769 2670 suo
817 2604 1138 2687 delegatus
1186 2610 1342 2687 erat,
1401 2609 1473 2670 ut
1518 2624 1694 2672 mera
1737 2604 2065 2670 ciuitatum
2124 2603 2380 2670 alterius
2434 2602 2615 2670 alteri
2664 2623 2842 2687 pere-

401 2722 724 2802 grinarum
770 2714 1294 2787 confoederatio⁸²
1340 2719 1611 2785 salutata
1657 2727 1786 2802 est,
1845 2740 2223 2805 quamquam
2269 2739 2371 2785 res
2416 2719 2496 2785 ab
2518 2700 2661 2784 'illo'
2694 2711 2842 2784 cofi-

401 2842 594 2902 uentu
637 2837 820 2902 annis
867 2836 1061 2902 uariis
1107 2836 1444 2921 praecipue
1491 2856 1545 2900 a.
1600 2837 1771 2902 1832
1819 2842 1993 2900 actae
2040 2841 2207 2918 sunt,
2254 2855 2411 2918 quae
2456 2835 2579 2900 nisi
2624 2835 2690 2900 in
2720 2853 2843 2930 *re-

403 2950 650 3036 publica
697 2951 968 3018 discreta
1012 2952 1328 3016 communi
1374 2952 1671 3035 potestati
1719 2951 2116 3016 subiciendae
2164 2970 2285 3016 non
2344 2956 2589 3032 essent,
2644 2967 2843 3032 usque

403 3067 480 3132 ad
527 3086 760 3134 annum
817 3067 983 3133 1866
1039 3066 1219 3131 iuxta
1264 3066 1420 3130 iuris
1467 3066 1744 3147 gentium
1807 3065 2053 3158 regulas
2100 3086 2139 3129 a
2183 3065 2537 3150 principum
2587 3083 2841 3129 suorum

403 3183 860 3248 communione·
883 3186 1054 3248 recta
1099 3185 1216 3264 est,
1263 3181 1579 3247 communi
1625 3180 1991 3262 indigenatu
2036 3183 2294 3262 statut0,
2342 3186 2696 3246 exterorum
2729 3198 2841 3244 no-

404 3298 570 3363 mine
629 3317 742 3380 pro
796 3295 1128 3380 Germanis
1185 3295 1455 3378 abolito,
1523 3296 1811 3362 omnibus
1869 3293 2325 3361 Germanorum
2386 3315 2465 3359 ex
2521 3294 2719 3361 altera
2774 3294 2842 3360 in

404 3411 664 3478 alteram
719 3412 966 3498 patriae
1023 3416 1268 3496 partem
1327 3412 1689 3492 migrationi
1749 3411 2141 3477 obstantibus
2208 3409 2673 3495 impedimentis
2730 3408 2840 3474 ab·

405 3527 641 3608 rogatis
698 3527 956 3591 minime
1001 3527 1203 3613 possit
1248 3526 1541 3613 dubitari.
1633 3526 1846 3609 Atque
1891 3525 2147 3592 cuilibet
2204 3524 2407 3590 alieno
2455 3544 2530 3589 ea
2574 3521 2837 3589 Germa-

403 3642 579 3708 nicae
633 3642 836 3725 gentis
893 3659 1042 3706 sane
1099 3641 1299 3706 maior
1345 3660 1524 3726 pars,
1591 3660 1750 3723 quae
1809 3641 1877 3705 in
1924 3639 2114 3704 Sacro
2160 3638 2431 3723 Imperio
2478 3639 2656 3704 unita
2706 3637 2839 3722 ple-

405 3776 666 3842 rasque,
720 3757 787 3821 in
834 3756 1059 3839 quibus
1105 3754 1476 3821 Germanico
1531 3745 1796 3820 utuntur
1852 3773 2137 3820 sermone
2183 3752 2498 3834 homines,
2554 3754 2839 3835 regiones

405 3871 840 3958 complectitur
855 3865 901 3899 ⁸³
949 3873 1134 3956 plane
1181 3871 1394 3936 eodem
1444 3870 1629 3936 modo
1686 3889 1807 3953 quo
1855 3869 2148 3935 America
2194 3867 2486 3934 Heluetia
2538 3868 2604 3933 in
2651 3888 2838 3934 unam

404 3987 721 4054 ciuitatem
765 3987 1024 4054 confusa
1069 3986 1404 4069 uidebitur,
1451 3986 1680 4070 ubique
1725 3985 2042 4051 communi
2090 3984 2367 4049 exercitu
2407 3983 2840 4050 communibus

404 4103 664 4173 teloneis
711 4101 1143 4169 communibus
1190 4099 1414 4182 legatis
1472 4099 1831 4166 consulibus
1886 4097 2403 4184 prominentibus,
2471 4098 2610 4164 Etsi
2659 4117 2839 4184 prae-

405 4219 585 4303 cipue
624 4217 874 4302 quidem
923 4217 1001 4282 ad
1046 4215 1312 4282 tuendas
1357 4217 1422 4280 in
1470 4220 1798 4282 externum
1848 4214 2127 4296 singulas
2172 4213 2461 4279 ciuitates
2507 4219 2577 4279 ut
2607 4213 2841 4281 alterae

406 4333 975 4399 confoederationes
1022 4334 1181 4398 inita
1226 4337 1361 4398 erat
1390 4330 1850 4399 confoederatio
1883 4328 2285 4408 Germanica3
2331 4335 2605 4396 attamen
2637 4329 2840 4414 quoad

405 4449 790 4515 conditiones
835 4446 1294 4530 relationesque
1340 4448 1408 4511 in
1453 4465 1607 4532 pace
1655 4450 1947 4512 externas
1995 4442 2355 4510 differenter
2406 4443 2839 4525 gubernaban-

405 4569 508 4630 tur
560 4564 828 4632 foederis
884 4562 1218 4649 pleraeque
1276 4563 1584 4630 ciuitates.
1677 4561 1861 4627 Nunc
1905 4580 2053 4626 uero
2103 4564 2173 4626 ut
2216 4560 2281 4626 in
2328 4558 2621 4626 America
2666 4564 2729 4626 et
2774 4560 2837 4624 in
