3559 5175
551 568 582 626 5
610 563 728 617 153.

551 664 582 722 5
608 660 728 714 154.

551 760 581 819 ἓ
611 756 731 811 155.

549 954 580 1015 5
609 950 728 1004 156.

1527 392 1606 458 17

786 563 912 617 Iura
947 563 1017 618 de
1053 563 1231 618 terris.

785 659 986 714 Omnes
1021 674 1288 729 personae
1323 659 1576 730 publicae
1613 660 1849 717 subsunt
1883 660 2069 716 iurisd.
2106 661 2451 730 appellatiue.

786 756 925 811 Fere
970 756 1164 810 eodem
1213 757 1378 812 modo
1428 758 1635 812 iudices
1681 758 2016 827 singularum
2066 758 2347 812 ciuitatum
2399 761 2672 813 communi
2709 760 2787 813 iu-

789 852 932 907 dicio
970 867 1225 922 supremo
1263 851 1512 923 subsunt,
1550 870 1658 924 quo
1697 852 1977 909 inferiores
2014 869 2331 910 communes
2368 854 2594 910 iudices.

784 948 1106 1005 Virtualiter
1141 950 1324 1005 omnia
1358 950 1559 1006 iudicio
1596 952 1869 1006 communi
1907 951 2137 1007 subesse
2172 958 2421 1021 possunt.

553 1047 770 1111 51568.
792 1046 1102 1101 Eorundem
1130 1046 1413 1101 ciuitatum
1443 1049 1592 1102 ciues
1627 1062 1894 1118 persaepe
1930 1049 2077 1124 apud
2112 1049 2322 1104 iudices
2358 1063 2676 1104 communes
2713 1050 2791 1105 ita

551 1342 581 1402 5
609 1339 728 1394 157.

551 1440 581 1499 5
607 1436 728 1490 158.

550 1536 580 1596 5
605 1532 726 1587 159.

787 1148 849 1198 ut
883 1144 938 1198 in
965 1158 1291 1214 unaquaque
1318 1145 1542 1199 ciuitate
1579 1145 1914 1200 domesticae
1950 1147 2243 1215 potestatis
2280 1146 2390 1201 uim
2419 1145 2619 1201 habeat
2643 1161 2787 1201 com-

785 1256 949 1296 mune
986 1241 1264 1296 iudicium.

783 1337 1017 1393 Iudices.
2748 1360 2793 1369 -

782 1435 1166 1504 Legislatores.

782 1531 1566 1603 Administratoresjtanquam
1604 1531 1908 1587 domestica
1943 1537 2190 1601 potestas
2226 1537 2445 1588 tractat.

335 1629 433 1685 IV.
487 1629 573 1684 De
609 1630 859 1699 originali
896 1643 1062 1697 super
1097 1628 1412 1684 ciuitatibus
1449 1629 1747 1699 Supremae
1786 1630 1981 1684 Curiae
2018 1630 2405 1685 iurisdictione.

549 1730 580 1791 5
608 1728 727 1781 160.

549 1922 706 1985 5161

547 2022 578 2083 5
606 2019 725 2073 162.

547 2120 578 2179 5
606 2116 724 2170 163.

548 2217 578 2277 5
606 2213 723 2267 164.

547 2314 577 2373 5
604 2310 722 2365 165.

547 2412 576 2472 5
606 2408 725 2462 166.

548 2509 578 2568 5
607 2505 726 2559 167.

546 2606 576 2666 ἓ
602 2604 724 2657 168.

546 2703 577 2763 5
604 2700 724 2754 169.

545 2802 574 2862 5
599 2799 720 2852 170.

544 2899 576 2960 5
601 2895 721 2951 171.

544 2997 574 3057 5
602 2995 721 3048 172.

545 3093 574 3153 5
603 3090 722 3144 173.

543 3190 574 3251 5
601 3186 720 3241 174.

541 3287 572 3348 5
598 3284 718 3340 175.

542 3385 572 3445 5
599 3382 719 3436 176.

543 3481 572 3544 5
599 3480 719 3534 177.

541 3580 572 3641 5
599 3577 718 3631 178.

541 3678 571 3738 5
601 3674 718 3728 179.

541 3775 570 3835 5
599 3772 720 3824 180.

540 3872 570 3932 5
600 3869 716 3922 181.

541 3970 571 4029 5
599 3966 718 4019 182.

451 4083 460 4089 ·
539 4066 570 4127 5
599 4063 716 4116 183.

537 4164 567 4224 5
594 4159 715 4214 184.

538 4260 569 4319 5
595 4256 714 4311 185.

539 4454 570 4515 5
596 4450 714 4504 186.

784 1726 1050 1781 Ciuitates
1088 1726 1335 1795 singulae
1372 1727 1682 1796 municipiis
1719 1728 2029 1796 superiores
2066 1743 2188 1782 cum
2227 1728 2298 1782 de
2336 1728 2645 1797 municipiis
2680 1727 2784 1783 ori·

783 1823 980 1893 ginalis
1016 1838 1125 1878 non
1162 1822 1322 1880 detur
1356 1823 1678 1893 iurisdictio.

782 1920 1199 1977 Constitutionis'
1236 1924 1294 1974 et
1327 1921 1510 1989 legum
1550 1919 1736 1976 uerba.

779 2018 963 2073 Prima
997 2032 1086 2072 res
1123 2020 1256 2071 nata
1290 2018 1346 2072 in
1384 2017 1681 2072 ciuitatem.

779 2115 858 2169 XI
897 2114 1312 2170 constitutionis
1347 2114 1860 2170 Emendamentum.

780 2211 1072 2267 Obscurior
1106 2217 1237 2281 post
1273 2211 1377 2266 hoc
1413 2211 1482 2266 de
1519 2212 1836 2275 ciuitatibus
1872 2212 2172 2267 iurisdictio
2209 2211 2373 2267 facta.

778 2309 974 2363 Modus
1009 2308 1340 2377 procedendi
1376 2309 1433 2363 in
1469 2309 1768 2364 ciuitatem.

782 2407 921 2462 1799
957 2406 1023 2462 N.
1036 2406 1104 2461 Y.
1144 2411 1334 2461 contra
1369 2406 1540 2461 Conn.

786 2504 941 2558 1831.

784 2603 938 2657 1832.

778 2698 976 2755 Rhodii
1012 2701 1203 2753 contra
1238 2697 1800 2753 Massachusettenses
1838 2702 2027 2766 agunt.

776 2797 1023 2852 Iudicum
1062 2796 1320 2867 conditi0,
1361 2797 1596 2866 primum
1634 2797 2034 2852 interlocutum.

773 2894 875 2950 Rei
910 2894 1084 2964 origo,

779 2993 941 3048 Anno
977 2991 1134 3046 1845.

778 3089 1023 3144 Indicum
1061 3093 1386 3156 argumenta
1422 3102 1529 3142 non
1567 3088 1621 3141 in
1658 3085 1903 3140 Rhodios
1938 3085 2036 3140 sed
2075 3086 2215 3139 inter
2250 3083 2389 3139 duas
2426 3084 2699 3139 ciuitates.

777 3185 1002 3242 Vattelii
1039 3183 1240 3254 opinio.

773 3283 975 3339 Nostra
1010 3283 1213 3352 opinio.

777 3382 938 3435 Anno
978 3380 1133 3435 1845.

773 3477 1054 3532 Sententia
1090 3475 1285 3530 finalis.

774 3574 914 3639 Quid
949 3574 1134 3628 ualeat
1169 3573 1305 3627 haec
1341 3571 1628 3626 sententia.

772 3673 879 3727 Mo,
918 3677 1108 3726 contra
1144 3671 1220 3724 Ic.
1261 3674 1317 3723 et
1352 3669 1474 3723 uice
1509 3667 1686 3722 uersa.

774 3769 875 3824 Rei
909 3782 1249 3838 progressus.

772 3865 1056 3920 Sententia
1091 3863 1284 3918 finalis,

772 3964 854 4018 Fl.
892 3966 1084 4017 contra
1118 3961 1219 4016 Ga.

773 4060 1066 4133 Ciuitatum
1107 4058 1174 4113 V.
1211 4056 1546 4112 intercessio,

769 4157 869 4212 Rei
903 4155 1250 4218 incertitudo.

772 4253 862 4310 Sic
917 4268 1107 4308 omnes
1162 4252 1232 4307 de
1293 4249 1492 4305 finibus
1545 4249 1687 4303 inter
1743 4247 1996 4302 ciuitates
2043 4246 2167 4300 lites
2228 4245 2411 4314 potins
2460 4259 2557 4314 per
2602 4244 2769 4299 lauda

773 4366 936 4420 quam
973 4365 1073 4420 per
1107 4348 1409 4404 sententias
1445 4346 1787 4401 deciduntur.

767 4448 952 4503 Realis
1007 4447 1238 4502 effectus
1297 4444 1458 4500 huius
1505 4442 1894 4498 iurisdictionis
1940 4440 2245 4497 ordinariae
2300 4440 2410 4510 qua
2462 4439 2767 4494 ordinariae

771 4545 968 4600 nullus.
2274 4611 2307 4664 2
