3559 5175
852 1178 1810 1359 ADNoTA‘rloNvM
1875 1237 2413 1363 AmovAE.

593 1616 611 1649 ¹
650 1613 776 1669 Brie
813 1630 868 1685 p.
900 1614 962 1669 17
1012 1628 1110 1685 per
1158 1614 1462 1669 Germanos
1508 1614 1789 1669 inuentam
1836 1628 1959 1669 eam
2004 1612 2175 1669 fuisse
2224 1612 2454 1684 probare
2501 1628 2610 1668 non
2655 1617 2857 1683 potest.

415 1712 489 1765 Et
523 1717 651 1783 post
687 1728 736 1767 a.
780 1712 917 1767 1848
965 1717 1022 1767 et
1057 1718 1186 1767 ante
1232 1710 1347 1767 fere
1385 1727 1602 1782 semper
1636 1712 1693 1767 in
1730 1712 2090 1767 Americanas
2127 1727 2215 1767 res
2250 1709 2722 1781 exemplificatum
2775 1717 2861 1765 est

415 1826 524 1866 non
561 1811 615 1865 in
654 1810 1010 1865 Germanicas
1052 1826 1195 1880 quae
1231 1808 1452 1865 fuerunt
1498 1808 1602 1865 sub
1639 1808 1695 1864 S.
1725 1810 1763 1865 I.
1792 1810 2056 1865 Romano.
2118 1809 2376 1865 Welcker
2418 1824 2634 1879 semper
2670 1809 2859 1863 Atlan-

416 1908 586 1965 tidem
627 1908 932 1980 spectabat.
1007 1906 1065 1964 Si
1103 1907 1243 1963 forte
1281 1908 1555 1963 maiestati
1593 1906 1647 1965 S.
1677 1907 1736 1964 C.
1775 1906 2116 1978 derogabant
2152 1888 2409 1963 Germani
2455 1906 2558 1962 hoc
2598 1905 2671 1962 ob
2706 1908 2860 1976 igno-

414 2008 644 2062 rantiam
672 2006 990 2077 Atlantidis,
1027 2022 1137 2061 non
1173 2006 1244 2061 ob
1277 2005 1334 2063 S.
1361 2006 1578 2076 Imperii
1614 2006 1909 2076 imaginem
1949 2022 2090 2076 quae
2126 2012 2299 2062 totum
2338 2005 2395 2061 in
2429 2005 2702 2062 obliuione
2739 2020 2861 2060 uer-

414 2105 639 2160 sabatur
663 2104 957 2161 faciebant.
1012 2106 1203 2160 Piitter
1227 2110 1411 2159 autem
1436 2104 1492 2160 in
1519 2104 1959 2162 Institutionibus
1996 2105 2110 2161 suis
2137 2105 2169 2175 ς
2196 2106 2266 2160 32
2291 2120 2415 2159 cum
2439 2103 2859 2174 „rempublicam

415 2202 805 2274 compositam“
844 2203 1055 2258 inducit-
1090 2202 1425 2275 respublicas
1464 2203 1949 2258 maiestaticas
1986 2218 2313 2273 componere
2348 2202 2488 2257 hanc
2525 2202 2861 2273 superiorem

415 2301 694 2357 ciuitatem
733 2316 843 2356 non
880 2300 1030 2356 dicit.
1108 2302 1185 2355 At
1219 2301 1278 2356 in
1313 2301 1686 2356 maiestate
1724 2299 2049 2357 inferiori
2095 2300 2151 2357 S.
2190 2300 2268 2371 0.,
2306 2316 2470 2370 quam
2509 2300 2863 2370 superior-itas

416 2415 483 2453 ex
521 2414 657 2469 pace
683 2398 1073 2468 Guestphalica
1108 2414 1217 2454 non
1255 2398 1825 2475 aequabat,·ciuitat1s
1862 2399 2132 2455 discretae
2168 2400 2406 2470 positum
2444 2402 2530 2454 est
2566 2399 2861 2455 criterium.

416 2496 572 2563 Quod
619 2497 921 2567 Imperator
967 2501 1227 2567 tanquam
1273 2498 1400 2552 talis
1445 2503 1574 2552 ueto
1621 2495 1861 2552 habebat
1909 2498 2113 2553 multae
2168 2498 2651 2553 administrationis
2707 2513 2862 2568 prae·

417 2596 702 2666 rogatiuae
739 2596 790 2650 ei
825 2594 1047 2650 fuerunt
1083 2602 1140 2650 et
1177 2597 1236 2653 C.
1275 2594 1331 2652 S.
1370 2596 1516 2666 apud
1555 2612 1677 2651 eum
1717 2596 2079 2653 vindobonae
2115 2598 2170 2652 in
2206 2599 2323 2653 iure
2360 2596 2607 2666 stabant,
2643 2598 2860 2667 plenum

417 2694 704 2765 imperium
731 2692 787 2749 S.
815 2693 876 2749 C.
902 2692 1239 2763 impossibile
1264 2694 1502 2749 reddidit
1526 2710 1623 2764 pro
1649 2694 1883 2764 sphaera
1907 2695 2202 2752 reseruata.
2258 2696 2439 2750 Etiam
2463 2696 2641 2766 Bago,
2678 2711 2713 2750 a
2736 2696 2864 2750 Brie

415 2793 599 2847 taliter
634 2791 906 2862 laudatus,
945 2789 1014 2846 de
1051 2793 1338 2846 maiestate
1377 2792 1516 2861 silet,
1555 2807 1686 2862 ergo
1725 2793 1965 2848 ciuitatis
2003 2793 2273 2848 discretae
2309 2795 2585 2850 notionem
2625 2809 2733 2850 non
2770 2794 2860 2850 ha·

417 2889 552 2946 buit.
610 2889 864 2946 Ceterum
892 2891 1018 2944 Brie
1054 2905 1108 2959 p.
1139 2891 1208 2946 14
1244 2891 1545 2946 rectissime
1572 2896 1763 2947 eontra
1790 2891 1993 2947 Gierke
2021 2893 2067 2946 11
2108 2910 2162 2962 p.
2188 2893 2294 2947 835
2331 2891 2495 2947 dixit:
2536 2893 2671 2962 „Die
2709 2892 2863 2947 theil·

418 2989 584 3044 weise
619 2988 1094 3058 Verwirklichung
1138 2989 1288 3044 eines
1325 2990 1560 3058 Begriffs
1612 2990 1710 3045 mit
1756 2989 1955 3045 dessen
1993 2990 2358 3045 Erkenntniss
2405 2990 2677 3046 durchaus
2714 2989 2865 3046 nicht

417 3086 737 3143 identisch.“

596 3186 620 3220 ²
657 3185 758 3241 Cui
795 3184 948 3241 Cohn
987 3184 1140 3255 (quid
1178 3185 1392 3240 intersit
1430 3187 1556 3251 etc.)
1593 3184 1811 3240 laudem
1851 3185 1945 3239 dat
1980 3185 2171 3256 prinae
2204 3186 2553 3242 inuentionis.

597 3285 620 3319 ⁸
658 3284 750 3339 Ius
787 3288 1016 3339 naturae
1053 3299 1109 3354 p.
1138 3283 1293 3339 1224.
1357 3282 1508 3337 Idem
1558 3282 1627 3338 de
1663 3281 2059 3354 systematibus
2096 3284 2378 3340 ciuitatum
2416 3285 2475 3340 in
2512 3285 2742 3340 Dissert.
2781 3300 2864 3339 se-

418 3383 594 3438 lectae
640 3383 776 3453 Vps.
817 3383 971 3437 1677.
1047 3381 1199 3446 Quae
1248 3382 1444 3436 similia
1492 3381 1546 3436 in
1593 3379 1732 3436 libro
1789 3381 1937 3451 quod
1986 3383 2204 3438 nomine
2256 3382 2551 3453 „Seuerino
2597 3382 2666 3437 de
2714 3383 2864 3438 Mon·

421 3479 719 3536 zambano“
761 3479 978 3550 scripsit
1012 3480 1121 3534 iam
1159 3495 1256 3549 per
1292 3479 1648 3535 Thomasium
1697 3481 1753 3534 in
1791 3479 2031 3535 editione
2069 3479 2140 3536 ab
2176 3481 2297 3551 ipso
2335 3478 2483 3536 facta
2517 3498 2572 3551 p.
2598 3482 2719 3538 503.
2759 3482 2864 3536 507

420 3578 754 3635 refelluntur.

596 3679 620 3712 ⁴
656 3691 726 3732 ex
763 3676 926 3732 huius
960 3676 1129 3731 seculi
1178 3675 1334 3731 initio
1382 3681 1675 3747 postquam
1716 3675 1842 3746 „the
1878 3675 2214 3732 Federalist“
2266 3677 2413 3747 apud
2462 3690 2563 3734 nos
2607 3677 2866 3748 cognosci

417 3776 618 3846 coepit.

600 3877 620 3910 ⁶
659 3873 914 3943 Excipias
951 3887 1021 3927 ex
1056 3871 1413 3942 scriptoribus
1448 3872 1817 3943 Germanicis,
1862 3873 2154 3942 Vollgraff:
2193 3874 2277 3928 De
2313 3871 2455 3929 conf.
2496 3874 2611 3929 sine
2649 3879 2706 3928 et
2742 3888 2865 3927 cum

420 3972 650 4043 imperio
697 3970 868 4026 Mai-b.
901 3972 1037 4026 1859
1095 3971 1126 4040 ᾗ
1165 3972 1252 4026 27.
1300 3971 1396 4040 28,
1450 3971 1542 4040 qui
1597 3971 1756 4026 aliter
1813 3977 1978 4040 atque
2033 3973 2279 4042 plerique
2326 3987 2459 4026 usus
2508 3977 2593 4026 est
2636 3969 2867 4027 uocibus

421 4069 803 4126 Staatenbund
841 4075 898 4124 et
933 4068 1323 4138 Bundesstaat‚
1363 4085 1396 4123 a
1431 4069 1815 4125 iureconsultis
1851 4085 1983 4125 uero
2021 4075 2169 4125 reete
2207 4069 2499 4124 damnatus
2536 4067 2655 4125 fuit.

601 4171 624 4203 ⁰
660 4167 986 4222 Treitschke
1023 4169 1078 4222 in
1115 4168 1335 4222 Preuss.
1369 4165 1710 4222 Jahrbilcher
1746 4168 1885 4223 Nov.
1914 4168 2053 4223 1874
2089 4183 2417 4238 quamquam
2458 4165 2513 4224 S.
2542 4168 2582 4224 l.
2622 4170 2865 4222 nostrum

423 4267 483 4323 C.
511 4268 579 4324 D.
617 4281 725 4321 non
763 4281 887 4320 esse
922 4247 1156 4335 probare
1203 4266 1322 4320 uult
1357 4271 1540 4321 tamen
1580 4266 2042 4334 comparationem
2082 4271 2270 4321 uetare
2308 4281 2415 4320 non
2452 4269 2662 4335 potest,
2700 4265 2867 4320 immo

423 4380 623 4436 cupere
659 4363 840 4421 debet.

601 4465 622 4496 ⁷
661 4468 716 4517 et
752 4463 1044 4533 praecipue
1079 4463 1212 4518 iuris
1249 4464 1419 4519 totius
1456 4463 1632 4519 ciuilis
1673 4463 1730 4517 in
1776 4476 2066 4517 commune
2116 4461 2367 4543 traditio.
2405 4475 2545 4531 quae
2592 4474 2737 4515 nunc
2782 4465 2869 4515 est

423 4560 479 4615 in
506 4561 693 4617 Const.
731 4559 919 4616 nostra
955 4577 988 4615 a
1024 4561 1360 4617 caecissimis
1398 4563 1569 4617 oculis
1607 4561 2089 4631 animaduertatur,
2129 4560 2206 4615 ita
2242 4566 2304 4614 ut
2340 4559 2652 4614 discrimina
2676 4558 2868 4614 reuera¹

426 4675 534 4715 non
572 4676 745 4730 parua
783 4658 1073 4714 uideantur
1109 4657 1180 4715 cf.
1219 4660 1400 4715 Waitz
1437 4659 1638 4715 Politik
1673 4676 1728 4731 p.
1758 4660 1877 4714 144.
