3559 5175
1617 320 1737 405 25,

433 498 637 577 stant,
692 499 1192 579 conqueruntur,
1253 496 1418 579 quod
1476 497 1630 563 haec
1685 495 2050 562 constitutio
2099 500 2398 581 tanquam
2445 495 2718 561 medium
2764 494 2881 559 ali-

434 610 588 695 quid
640 612 806 676 inter
861 610 1308 696 rempublicam
1367 612 1702 678 discretam
1761 616 1825 677 et
1882 612 2486 678 confoederationem
2546 629 2879 697 procreans

433 746 552 791 nec
595 730 726 791 tam
774 746 926 791 sana
983 746 1098 792 nec
1143 733 1270 791 tam
1320 727 1588 794 salubris
1635 728 1748 811 sit,
1808 747 1993 811 quam
2049 728 2425 813 optauerint.
2519 726 2756 804 Quibus
2802 726 2925 815 de·

431 842 896 908 laudationibus
943 847 1006 908 et
1051 844 1635 927 reprehensionibus
1683 843 2005 926 meditati,
2064 864 2142 909 ne
2188 844 2445 929 primiS‚
2505 850 2576 907 ut
2629 842 2877 924 dicitur,

431 956 628 1022 labris
674 957 750 1021 de
797 957 932 1022 iure
991 957 1240 1042 publico
1297 963 1511 1025 nostro
1569 964 1857 1041 gustasse
1912 959 2271 1024 uideremur
2329 958 2689 1041 scientiam,
2746 958 2876 1043 pri-

434 1090 610 1137 mum
657 1072 910 1155 quidem
957 1070 1344 1169 Germaniae
1379 1075 1889 1140 constitutionem
1938 1094 2077 1140 cum
2128 1075 2499 1141 Americana
2546 1079 2609 1140 et
2644 1072 2879 1158 Alpina

435 1191 532 1252 tot
584 1207 686 1253 res
732 1188 1139 1269 grauissimas
1197 1209 1558 1255 communes
1605 1190 1871 1273 habere,
1931 1197 2002 1255 ut
2048 1190 2363 1256 ciuitatem
2414 1189 2749 1254 discretam
2804 1207 2877 1253 eo

437 1322 560 1386 quo
609 1302 810 1368 adhuc
853 1303 965 1368 illa
1011 1305 1263 1370 notione
1311 1307 1407 1371 usi
1457 1311 1602 1371 sunt
1647 1308 1784 1372 iure
1830 1305 2129 1389 consulti,
2178 1323 2363 1371 sensu
2390 1303 2877 1371 'condicionibus

348 1406 356 1413 ’
437 1417 568 1484 suis
624 1406 1031 1501 astringeret3
1103 1419 1326 1486 deinde
1385 1427 1595 1487 autem
1652 1422 2163 1487 constitutionem
2223 1424 2501 1486 nostram
2563 1417 2876 1504 plerisque

433 1534 516 1598 iis
569 1534 787 1616 rebuS,
859 1534 1082 1618 quibus
1139 1536 1218 1603 ab
1274 1536 1538 1603 istarum
1596 1557 1805 1602 rerum
1868 1534 2259 1621 publicarum
2333 1534 2575 1616 legibus
2645 1531 2874 1615 differt,

435 1649 982 1716 constitutionibus
1039 1650 1259 1717 alicnis
1325 1656 1648 1737 praestare
1705 1654 1923 1736 paucis
1978 1652 2057 1718 ab
2126 1652 2205 1716 iis
2270 1650 2555 1735 superari
2622 1668 2874 1733 compa-

433 1765 630 1845 rando
676 1764 1108 1831 demonstrare
1152 1767 1330 1833 nobis
1379 1786 1869 1852 sumpseramus.
1963 1766 2141 1844 Quod
2188 1766 2578 1852 propositum
2630 1769 2872 1849 assequi

435 1881 584 1962 quia
627 1879 881 1962 longum
929 1881 1108 1947 nobis
1163 1880 1379 1965 fiebat,
1434 1884 1500 1947 in
1559 1882 1755 1948 altero
1804 1882 2134 1971 nonnullos
2181 1888 2326 1966 post-
2371 1901 2567 1947 annos
2620 1880 2872 1945 demum

434 1994 674 2059 edendo
718 1995 878 2061 libro
925 2015 1331 2081 exponemus,
1378 1998 1562 2063 hodie
1608 2000 1907 2081 contenti,
1956 2000 2007 2063 si
2056 1998 2341 2080 contigit,
2390 2002 2461 2062 ut
2505 1997 2872 2082 probemus-

433 2110 823 2191 singularum
869 2111 1196 2177 ciuitatum
1244 2113 1634 2179 maiestatem
1694 2115 1785 2179 ita
1830 2134 1968 2180 esse
2013 2115 2406 2195 restrictam,
2465 2117 2533 2177 ut
2589 2111 2751 2195 quod
2801 2131 2875 2176 ea

431 2226 590 2289 iuris
635 2225 870 2310 publici
918 2226 1120 2293 forma
1167 2246 1290 2311 qua
1347 2228 1622 2293 strictior
1679 2230 1867 2294 etiam
1930 2230 2137 2295 unitas
2196 2229 2515 2312 maiorque
2572 2227 2893 2297 aduersus,

433 2340 676 2405 hostem
745 2342 1048 2407 securitas
1108 2363 1294 2425 quam
1355 2343 1677 2427 republica
1735 2344 2008 2410 discreta
2066 2344 2399 2429 praebetur
2458 2342 2697 2407 scilicet
2741 2362 2872 2407 res-

431 2454 684 2540 publica
729 2463 1017 2523 concreta
1073 2477 1197 2522 non
1243 2459 1329 2523 sit
1385 2458 1676 2524 instituta
1723 2459 1886 2525 haud
1935 2458 2288 2543 doleamuS,
2348 2460 2439 2524 ita
2486 2478 2621 2524 esse
2669 2478 2872 2523 reser-

433 2577 680 2657 uatam,
741 2578 811 2639 ut
855 2573 1018 2657 quod
1069 2573 1331 2640 solutior
1378 2575 1564 2640 etiam
1612 2573 1871 2642 libertas
1918 2576 2239 2660 maiorque
2298 2593 2682 2641 summarum
2731 2574 2871 2639 uni-

434 2690 800 2755 uersitatum
861 2695 1141 2756 nostrum
1208 2689 1721 2757 Germanicarum
1779 2691 2074 2758 uidelicet
2140 2692 2463 2757 ciuitatum
2522 2690 2875 2755 constantia

433 2824 618 2888 quam
667 2805 986 2889 republica
1031 2805 1302 2871 discreta
1346 2808 1683 2892 praebetur
1739 2808 1980 2873 scilicet
2023 2807 2563 2874 confoederatione
2609 2811 2673 2871 et
2724 2826 2869 2872 con:

435 2920 763 2986 suetudine
820 2925 1036 2986 nostra
1095 2941 1270 2987 more
1327 2923 1632 2988 maiorum
1696 2924 1960 3007 tradita,
2018 2944 2141 2989 non
2202 2924 2286 2990 sit
2338 2924 2647 3008 admissa,
2705 2922 2870 2988 haud

429 3034 776 3118 lugeamus.
820 3077 910 3088 —
961 3071 1038 3080 -—

610 3151 647 3234 ξ
694 3154 798 3217 20.
878 3150 1182 3217 Ciuitates
1229 3157 1300 3217 ut
1343 3172 1504 3237 quae
1549 3155 1877 3239 proposita
1924 3154 2153 3221 habent
2194 3154 2417 3220 melius
2464 3175 2869 3238 assequeren-

431 3273 558 3350 tur,
605 3268 891 3334 omnibus
923 3268 1309 3353 temporibus
1357 3269 1606 3334 foedera
1654 3271 1818 3336 inter
1865 3290 1999 3336 sese
2046 3271 2476 3352 instituerunt,
2524 3270 2601 3334 de
2643 3270 2869 3353 quibus

433 3383 486 3447 si
535 3391 836 3468 perpetua
882 3384 1046 3450 inter
1078 3384 1307 3450 multas
1339 3384 1616 3451 ciuitatis
1662 3387 1917 3452 fuerunt
1947 3387 2063 3452 hoc
2092 3387 2227 3452 loco
2261 3385 2630 3470 exponenda
2661 3394 2871 3452 essent

432 3519 592 3582 quae
635 3507 888 3584 reperta
935 3508 1101 3583 sunt,
1149 3502 1202 3566 si
1251 3521 1326 3566 ex
1373 3501 1488 3566 hac
1535 3503 1701 3567 uitae
1744 3502 2115 3587 populorum
2151 3501 2437 3587 publicae
2482 3507 2662 3586 parte
2694 3503 2868 3566 simi-

431 3613 728 3680 litudines
783 3635 922 3679 cum
981 3615 1281 3681 hodierna
1341 3617 1406 3680 in
1453 3617 1744 3682 America
1801 3616 2093 3682 Heluetia
2148 3615 2487 3682 Germania
2540 3618 2869 3683 maiestate

431 3729 679 3814 duplice
725 3731 1031 3816 praestari
1089 3739 1363 3815 possent.
1458 3733 1546 3797 At
1591 3753 1731 3798 cum
1794 3733 1869 3798 de
1925 3732 2051 3797 illis
2109 3732 2463 3798 foederibus
2522 3731 2867 3818 (perpetuis

430 3844 817 3928 foederibuS,
888 3866 1046 3930 quae
1116 3847 1283 3912 inter
1338 3854 1466 3912 tres
1525 3847 1627 3913 uel
1683 3848 1839 3912 duas
1895 3848 2183 3913 ciuitates
2240 3848 2407 3912 facta
2464 3847 2633 3930 sunt)
2702 3868 2867 3914 nunc

431 3959 637 4026 dicere
683 3960 868 4045 plane
913 3981 1038 4026 non
1085 3962 1295 4045 liceat,
1342 3963 1486 4046 quia
1533 3983 1674 4029 cum
1726 3962 2070 4048 multiplice
2116 3968 2331 4029 nostra
2378 3961 2696 4047 republica
2740 3983 2867 4029 non

431 4081 696 4168 possunt
740 4078 1122 4162 comparari:
1172 4077 1248 4144 de
1294 4078 1670 4162 foederibuS,
1718 4099 1877 4164 quae
1924 4078 2073 4144 olim
2122 4078 2334 4144 multis
2364 4099 2458 4143 *ex
2506 4078 2865 4145 ciuitatibus

429 4192 832 4275 constabant,
890 4213 1086 4278 prope
1132 4193 1222 4259 nil
1267 4195 1420 4258 certi
1467 4188 1841 4260 inuenimus'
1871 4215 2072 4279 neque
2119 4195 2447 4279 quicquam
2498 4193 2664 4276 quod
2709 4214 2866 4279 pon-

430 4305 596 4372 deris
643 4308 727 4372 sit
770 4306 1032 4372 alicuius
1079 4308 1349 4390 allegare
1395 4329 1793 4394 posssumuS,
1850 4319 2099 4396 praeter
2155 4311 2219 4376 id
2268 4311 2430 4395 quod
2478 4310 2706 4394 ubique
2752 4330 2867 4395 per

428 4419 674 4502 legatos
713 4422 900 4486 certis
949 4424 1333 4508 temporibus
1380 4425 1457 4490 de
1503 4425 1687 4491 rebus
1719 4427 2153 4493 communibus
2199 4426 2459 4492 consilia
2504 4427 2668 4490 facta
2698 4430 2862 4490 sunt.

427 4533 577 4601 Fuit
642 4536 837 4618 igitur
905 4539 1193 4605 restricta
1261 4539 1647 4622 singularum
1715 4541 2041 4606 ciuitatum
2111 4543 2409 4610 maiestas
2476 4541 2585 4608 sed
2663 4541 2862 4608 solum
