3559 5175
930 2072 1048 2137 Quo
1097 2072 1292 2127 Bodini
1343 2072 1515 2127 Grotii
1558 2070 1892 2127 Pufendorfii
1941 2070 2236 2125 utebantur
2282 2084 2499 2137 semper
2540 2084 2863 2138 semperque
2910 2068 2997 2123 hic
3043 2068 3203 2122 stilus

754 2188 824 2241 ad
878 2188 1010 2241 iuris
1063 2187 1458 2257 philosophiam
1515 2203 1690 2256 aeque
1745 2193 1910 2255 atque
1966 2186 2033 2240 ad
2091 2186 2223 2240 iuris
2276 2186 2499 2254 positiui
2550 2186 2798 2239 notitiam
2856 2184 3201 2253 potissimum

755 2308 1162 2372 comparantem
1210 2304 1821 2358 internationalem
1874 2302 2179 2370 elegantius
2225 2300 2579 2355 excolendam
2631 2301 2925 2354 maximum
2980 2298 3202 2353 ualebit.

755 2417 970 2473 Genera
1019 2420 1341 2488 speciesque
1377 2419 1716 2487 politicarum
1755 2418 2024 2471 unitatum
2064 2417 2271 2485 primus
2312 2417 2622 2471 accuratius
2660 2414 2994 2469 classificans
3032 2415 3203 2468 scien-

755 2534 865 2589 tiae
913 2528 1206 2589 hodiernae
1243 2534 1505 2589 naturalis
1541 2534 1849 2611 exemplum
1887 2532 2185 2588 formaliter
2221 2532 2573 2587 materialiter
2608 2538 2830 2587 secutus
2868 2531 3091 2585 meliora
3132 2530 3205 2583 la·

755 2651 885 2705 tinis
923 2650 1142 2704 nomina
1178 2667 1304 2705 num
1344 2664 1584 2718 unquam
1624 2649 1868 2704 inuenire
1905 2649 2100 2718 potui?

935 2766 1125 2833 Itaque

1305 2878 1851 2946 „QVAESTIONES
1907 2878 2102 2934 IVRIS
2157 2878 2657 2934 FOEDERALIS“

758 2995 926 3048 latine
975 2995 1314 3063 conscriptas
1363 2994 1583 3048 iamiam
1630 2995 1817 3063 praelo
1864 3000 2085 3065 paratas
2128 2995 2325 3063 quibus
2363 2996 2463 3050 Vir
2501 2957 2901 3049 Illustrissimus
2938 2995 3209 3062 Georgius

761 3109 982 3164 Beseler
1043 3110 1184 3164 inter
1229 3109 1604 3163 Germanistas
1661 3111 1752 3178 qui
1804 3111 1999 3165 uiuunt
2045 3119 2195 3165 certo
2240 3112 2449 3180 primus
2495 3117 2699 3165 rectam
2752 3111 3052 3165 doctrinam
3100 3127 3207 3164 non

762 3225 983 3279 minime
1033 3223 1346 3293 amplificari
1394 3240 1716 3293 persuasum
1767 3225 1871 3280 sibi
1911 3241 2033 3280 esse
2071 3242 2168 3295 per
2204 3227 2494 3296 epistulam
2533 3227 2904 3325 edixittlatine
2942 3229 2995 3281 in
3033 3227 3207 3280 lucem

763 3339 909 3395 dabo
945 3339 1275 3413 simulatque
1313 3340 1473 3394 huius
1511 3341 1765 3395 editionis
1804 3341 2219 3409 diligentissime
2258 3342 2589 3410 redigendae
2627 3343 2799 3397 otium
2840 3342 2968 3396 mihi
3005 3344 3124 3397 erit..

943 3455 1021 3508 At
1066 3470 1134 3508 ne
1184 3455 1286 3510 hoc
1333 3456 1421 3510 die
1473 3457 1843 3510 anniuersario
1893 3471 1992 3525 pro
2040 3458 2154 3511 uita
2190 3458 2312 3511 Tua
2360 3458 2689 3526 grauissimo
2730 3459 2847 3512 sine
2886 3459 3029 3512 dono
3067 3458 3211 3526 apud

763 3571 844 3625 Te
881 3570 1176 3624 consistam
1216 3570 1372 3638 illius·
1394 3572 1574 3640 operis
1615 3572 1833 3626 maioris
1870 3587 1979 3641 quo
2007 3574 2257 3627 Virorum
2296 3574 2407 3644 Jay
2445 3573 2609 3644 Story
2635 3573 2888 3628 Marsball
2913 3574 3108 3643 Taney
3144 3573 3214 3626 de

763 3687 884 3740 iure
935 3683 1196 3740 foederali
1247 3687 1504 3740 uniuerso
1553 3702 1661 3741 non
1710 3689 1884 3742 solum
1926 3689 2252 3744 Americano
2300 3689 2557 3758 quoniam
2604 3689 2749 3743 idem
2800 3689 2947 3757 quod
2996 3691 3052 3743 in
3100 3691 3215 3743 iure

767 3802 982 3869 priuato
1022 3801 1385 3854 Romanorum
1434 3801 1652 3870 publico
1689 3803 2071 3858 Britannorum
2111 3805 2165 3858 in
2200 3805 2319 3858 iure
2355 3803 2617 3859 foederali
2653 3805 3102 3859 Americanorum
3140 3803 3217 3859 ef·

767 3915 959 3970 ficiunt
1000 3915 1266 3984 principia
1302 3893 1668 3971 construendo
1705 3919 2029 3987 explicando
2072 3920 2278 3988 optime
2316 3920 2629 3974 meritorum
2668 3919 2867 3988 dignae
2904 3920 3094 3974 laudes
3131 3921 3219 3974 uel

769 4029 841 4086 ab
877 4031 1049 4086 inuito
1086 4030 1446 4086 celebrandae
1482 4041 1669 4088 essent
1704 4034 2133 4103 prodromum
2170 4033 2336 4089 hasce
2372 4037 2779 4105 qualescunque
2804 4036 3048 4105 pagellas
3072 4034 3220 4090 haud

770 4145 890 4200 sine
924 4160 993 4200 ea
1028 4160 1170 4215 quae
1205 4162 1305 4215 par
1343 4153 1430 4202 est
1467 4150 1776 4204 reuerentia
1813 4149 1937 4205 Tibi
1976 4148 2135 4204 facile
2172 4150 2360 4204 offere.
2436 4150 2597 4206 Vale!

879 4271 886 4278 ⁸
947 4286 1162 4347 Dabam
1200 4289 1435 4348 Berolini
1474 4290 1552 4348 Id.
1583 4292 1689 4348 lan.
1721 4292 1875 4347 1875.
