3559 5175
1571 336 1652 399 27

390 508 868 593 Poenorumque
925 510 991 574 in
1050 509 1265 575 Africa
1324 510 1588 596 oppida'3
1659 510 1883 576 deinde
1944 512 2108 575 inter
2165 510 2395 575 multas
2453 509 2831 575 Graecorum

393 625 684 689 ciuitates
745 626 961 691 multis
1029 626 1183 691 locis
1249 627 1760 711 temporibusque
1828 627 2163 711 praecipue
2224 631 2505 691 extrema
2574 625 2835 691 historia

395 738 640 805 Graeca
697 741 864 805 inter
919 741 1285 825 Aetolorum
1344 742 1510 807 inter
1566 742 1957 807 Achaeorum
2020 742 2238 820 urbes;
2307 760 2421 806 nec
2486 760 2611 805 non
2667 740 2835 825 apud

395 854 726 919 nonnullas
773 861 990 937 gentes
1036 854 1226 921 Italas
1271 862 1416 921 ante
1459 856 1882 921 Romanorum
1931 856 2264 941 imperium
2312 855 2584 940 exempli
2634 856 2839 937 gratia

396 971 563 1035 inter
605 969 929 1053 Etruscae,
974 972 1139 1036 inter
1183 970 1442 1037 Latinas
1488 973 1654 1038 inter
1699 971 2054 1037 Samnitum
2103 971 2393 1036 ciuitates
2440 974 2627 1054 atque
2672 971 2839 1036 inter

399 1082 851 1151 Germanorum
913 1106 1106 1170 pagos
1153 1106 1192 1149 a
1236 1084 1522 1151 Caesaris
1571 1086 1895 1169 Tacitique
1954 1087 2171 1152 diebus
2220 1102 2427 1169 ‘usque
2474 1086 2552 1150 ad
2600 1085 2838 1167 Anglo·

400 1178 704 1264 saxonum
753 1200 1210 1284 heptarchiam3
1258 1207 1574 1285 postremo
1621 1222 1658 1265 a
1705 1201 1912 1267 seculo
1960 1201 2325 1266 duodecimo
2371 1202 2643 1285 primum
2674 1201 2842 1265 inter

398 1297 934 1397 LangobardicaS‚
991 1321 1141 1381 tunc
1187 1317 1352 1381 inter
1405 1316 1728 1381 Teutonici
1787 1316 2059 1381 nominis
2116 1316 2217 1381 uel
2264 1315 2577 1381 Theotisci
2623 1314 2839 1400 populi

399 1431 716 1497 uariarum
765 1431 1087 1512 regionum
1136 1431 1323 1496 urbes
1368 1432 1564 1497 fuisse
1611 1432 2041 1512 cognouimuS,
2088 1435 2298 1495 tamen
2344 1428 2684 1512 CiceroniS,
2730 1430 2837 1513 qui

401 1545 612 1609 omnia
667 1546 907 1609 incerta
951 1566 1088 1611 esse
1135 1564 1276 1611 cum
1325 1566 1360 1610 a
1406 1547 1543 1611 iure
1600 1546 1945 1611 discessum
1992 1541 2163 1627 sit²⁴‚
2223 1544 2412 1609 uerbo
2468 1544 2636 1626 nixi,
2694 1544 2841 1627 quia

399 1660 478 1724 de
523 1680 596 1725 eo
646 1679 771 1743 quo
815 1661 1165 1725 maiestatis
1213 1663 1630 1726 communiter
1675 1661 1861 1727 cultis
1907 1661 2148 1727 iuribus
2194 1662 2475 1743 regimen
2522 1660 2839 1726 internum

399 1773 798 1855 affligebatur
839 1776 1024 1841 modo
1071 1797 1386 1862 perpauca
1443 1782 1590 1842 sunt
1635 1782 1783 1842 nota
1838 1776 2023 1860 plura
2076 1782 2283 1841 autem
2342 1776 2516 1840 nosci
2562 1779 2672 1839 aut
2714 1792 2840 1838 non

401 1894 512 1955 aut
555 1889 924 1955 difficillima
980 1891 1470 1976 longissimeque
1516 1892 1758 1958 ratione
1809 1892 1993 1956 modo
2040 1895 2304 1976 possunt
2359 1890 2437 1955 de
2482 1890 2669 1955 rebus
2714 1887 2841 1953 illis

400 2005 738 2071 doctiorem
791 2005 1058 2089 aliquem
1107 2007 1414 2073 disserere
1461 2008 1666 2073 uirum
1715 2026 1877 2092 opus
1924 2026 2059 2071 esse
2108 2008 2457 2090 opinamur.

579 2120 616 2203 ξ
651 2123 756 2187 22.
827 2120 1117 2189 Ceterum
1151 2124 1362 2187 omnia
1407 2122 1517 2187 illa
1561 2122 1814 2187 foedera
1848 2122 2013 2187 inter
2043 2140 2305 2204 quarum
2339 2119 2611 2185 indolem
2644 2119 2841 2191 multa

401 2235 760 2301 interfuisse
807 2244 1071 2321 apparet
1114 2238 1204 2301 ita
1251 2244 1340 2319 ut,
1386 2238 1451 2301 id
1499 2237 1663 2321 quod
1712 2243 1931 2320 postea
1976 2241 2354 2321 exponetur,
2400 2240 2667 2319 quatuor
2709 2235 2842 2299 foe-

402 2351 570 2415 deris
599 2349 863 2431 gradus:
909 2372 1134 2437 nempe
1181 2352 1678 2433 conjunctionem
1727 2352 2268 2433 congregationem
2318 2351 2839 2416 consociationem

403 2465 1010 2531 confoederationem
1043 2467 1494 2550 discernamuS,
1541 2488 1654 2533 nec
1686 2468 1795 2532 diu
1824 2467 2215 2533 durauerunt
2258 2487 2460 2551 neque
2505 2466 2727 2531 iisdem
2776 2466 2841 2529 in
2944 2510 2953 2519 ·

401 2580 856 2664 fundamentiS,
911 2582 975 2647 in
1031 2583 1256 2667 quibus
1313 2584 1688 2650 recentiores
1733 2591 1987 2649 nostrae
2044 2583 2367 2665 ciuitateS,
2422 2603 2561 2647 cum
2612 2582 2841 2667 partim

403 2695 572 2762 solae
618 2697 803 2763 urbes
849 2699 1078 2782 partim
1127 2707 1344 2780 gentes
1390 2700 1662 2764 nondum
1721 2701 1843 2764 rite
1900 2718 1977 2764 ne
2024 2700 2089 2763 in
2147 2697 2345 2764 firmis
2374 2698 2544 2764 -locis
2593 2697 2840 2781 quidem

403 2812 744 2896 dispositae
791 2833 896 2876 eas
943 2812 1279 2896 efficerent,
1327 2807 1630 2880 collocata
1675 2822 1875 2880 erant.
1968 2814 2303 2880 Hodiernis
2350 2815 2711 2880 ciuitatibus
2758 2813 2844 2879 si-

405 2925 684 2992 miliores
715 2927 859 2992 illae
907 2928 1156 2993 demum
1204 2931 1511 2995 suitenses
1557 2930 1947 3015 respublicae
1993 2935 2194 3012 erant,
2243 2949 2401 3012 quae
2434 2927 2639 2994 Medio
2672 2931 2843 2994 Aeuo

407 3047 686 3107 extremo
743 3044 1290 3126 consociabantur‚
1360 3065 1479 3128 quo
1539 3046 1599 3108 in
1668 3044 1919 3124 foedere
1982 3065 2175 3128 usque
2236 3045 2314 3108 ad
2378 3064 2609 3110 annum
2674 3044 2843 3108 1798

407 3158 775 3242 manebant,
845 3159 1067 3224 deinde
1124 3160 1484 3243 prouinciae
1556 3180 1713 3243 quae
1782 3159 2167 3225 uocabantur
2220 3159 2603 3226 Batauorum
2672 3144 2845 3242 post-

407 3292 594 3355 quam
655 3294 692 3336 a
749 3294 896 3355 rege
943 3274 1391 3359 Hispaniarum
1449 3274 1828 3341 defecerunt.
1924 3274 2045 3340 Sed
2103 3275 2292 3340 etiam
2340 3274 2417 3339 de
2463 3275 2683 3338 horum
2731 3293 2846 3358 po-

407 3389 696 3474 pulorum
746 3389 880 3453 iure
925 3390 1174 3475 publico
1219 3410 1379 3474 quae
1425 3396 1746 3474 comperta
1792 3397 1940 3456 sunt
1985 3411 2170 3454 unam
2218 3389 2421 3456 solum
2454 3391 2845 3456 maiestatem

407 3504 574 3588 apud
631 3503 908 3586 singulas
963 3505 1252 3570 ciuitates
1310 3511 1663 3570 manentem
1722 3510 1782 3570 et
1838 3511 2085 3569 tantum
2147 3505 2459 3588 aliquibus
2515 3504 2591 3568 de
2657 3504 2847 3570 rebus

409 3618 784 3701 conjunctim
865 3639 1242 3704 quamquam
1324 3626 1662 3705 perpetuae
1741 3625 1921 3684 erant
1991 3620 2415 3684 institutiones
2490 3624 2701 3685 tamen
2777 3625 2849 3683 ut

411 3732 698 3818 exempla
728 3734 952 3800 docent
984 3721 1266 3818 precario
1311 3735 1586 3800 functam
1638 3735 1817 3800 nobis
1862 3741 2232 3800 monstrant.
2312 3733 2604 3800 Ceterum
2650 3734 2849 3799 multa
2898 3751 2907 3762 “

410 3850 772 3916 interfuisse
828 3849 996 3914 inter
1048 3849 1396 3914 maiestatis
1455 3849 1835 3914 functionem
1892 3848 2060 3933 apud
2117 3849 2268 3916 haec
2324 3849 2577 3914 foedera
2622 3868 2849 3931 magna

413 3963 739 4046 Gallorum
789 3970 1006 4028 contra
1051 3964 1150 4029 ius
1197 3964 1510 4048 publicum
1572 3970 1635 4029 et
1678 3965 1778 4030 ius
1824 3966 2101 4046 gentium
2150 3964 2465 4030 tralaticia
2512 3984 2671 4048 quae
2714 3966 2848 4030 fue-

413 4085 562 4144 runt
607 4079 912 4144 seditione
959 4079 1361 4144 uehementer
1409 4085 1700 4164 correpta
1747 4085 1811 4144 et
1857 4080 2207 4145 maiestatis
2252 4079 2633 4145 functionem
2682 4080 2849 4164 apud

414 4199 658 4258 nostras
705 4192 892 4278 plane
937 4194 1121 4259 aliter
1166 4193 1460 4260 uidelicet
1497 4194 1562 4259 in
1595 4195 1905 4280 principio
1940 4215 2155 4273 omnes
2186 4195 2249 4260 in
2283 4194 2419 4276 lege
2450 4215 2683 4278 aequos
2712 4215 2849 4262 esse

414 4310 696 4377 homines
744 4314 1134 4376 constructas
1179 4310 1466 4376 ciuitates
1513 4315 1777 4375 constat.

589 4423 628 4506 ξ
660 4426 764 4490 23.
836 4421 1276 4490 Germanicum
1310 4445 1553 4508 quoque
1585 4426 1923 4510 imperium
1958 4444 2334 4509 quamquam
2366 4427 2491 4490 iam
2525 4445 2665 4492 cum
2698 4425 2850 4492 Hel-

416 4546 593 4604 uetos
637 4538 1032 4624 Batauosque
1079 4560 1158 4606 ex
1205 4546 1512 4625 potestate
1570 4561 1685 4608 sua
1740 4540 2104 4606 solemniter
2151 4547 2213 4605 et
2256 4541 2335 4606 de
2390 4541 2525 4606 iure
2573 4540 2851 4606 dimitte-
